% This file was created with JabRef 2.10.
% Encoding: Cp1252


@Article{Abbott:2000b,
  Title                    = {The Concept of Legalization},
  Author                   = {Abbott, Kenneth W. and Keohane, Robert O. and Moravcsik, Andrew and Slaughter, Anne-Marie and Snidal, Duncan},
  Journal                  = {International Organization},
  Year                     = {2000},
  Pages                    = {401-419},
  Volume                   = {54}
}

@InCollection{Abbott:2009,
  Title                    = {The Governance Triangle: Regulatory Standards Institutions and the Shadow of the State},
  Author                   = {Abbott, Kenneth W. and Snidal, Duncan},
  Booktitle                = {The Politics of Global Regulation},
  Publisher                = {Princeton University Press},
  Year                     = {2009},

  Address                  = {Princeton},
  Editor                   = {Mattli, Walter and Woods, Ngaire},
  Pages                    = {44-88}
}

@Article{Abbott:2009b,
  Title                    = {Strengthening Transnational Regulation Through Transnational New Governance: Overcoming the Orchestration Deficit},
  Author                   = {Abbott, Keneth W. and Snidal, Duncan},
  Journal                  = {Vanderbilt Journal of Transnational Law},
  Year                     = {2009},
  Pages                    = {501-578},
  Volume                   = {42},

  Owner                    = {Oliver westerwinter},
  Timestamp                = {2013.03.27}
}

@Article{Abbott:2001,
  Title                    = {International Standards and International Governance},
  Author                   = {Abbott, Kenneth W. and Snidal, Duncan},
  Journal                  = {Journal of European Public Policy},
  Year                     = {2001},
  Pages                    = {345-370},
  Volume                   = {8},

  Owner                    = {Oliver},
  Timestamp                = {2013.02.25}
}

@Article{Abbott:2000,
  Title                    = {Hard and Soft Law in International Governance},
  Author                   = {Abbott, Keneth W. and Snidal, Duncan},
  Journal                  = {International Organization},
  Year                     = {2000},
  Pages                    = {421-456},
  Volume                   = {54}
}

@Article{Achen:2005,
  Title                    = {Let's Put Garbage-Can Regressions and Garbage-Can Probits Where They Belong},
  Author                   = {Achen, Christopher H.},
  Journal                  = {Conflict Management and Peace Science},
  Year                     = {2005},
  Number                   = {4},
  Pages                    = {327-339},
  Volume                   = {22},

  Owner                    = {OWesterwinter},
  Timestamp                = {2015.12.13}
}

@Article{Achen:1989,
  Title                    = {Rational Deterrence Theory and Comparative Case Studies},
  Author                   = {Achen, Christopher H. and Snidal, Duncan},
  Journal                  = {World Politics},
  Year                     = {1989},
  Pages                    = {143-169},
  Volume                   = {41},

  Owner                    = {Oliver westerwinter},
  Timestamp                = {2013.03.21}
}

@Article{Adcock:2001,
  Title                    = {Measurement Validity: A Shared Standard for Qualitative and Quantitative Research},
  Author                   = {Adcock, Robert and Collier, David},
  Journal                  = {American Political Science Review},
  Year                     = {2001},
  Pages                    = {529-541},
  Volume                   = {95},

  Owner                    = {Oliver westerwinter},
  Timestamp                = {2013.03.20}
}

@TechReport{Alrosa:2011,
  Title                    = {Annual Report 2010},
  Author                   = {{Alrosa}},
  Institution              = {Alrosa Company Limited},
  Year                     = {2011},

  Owner                    = {Oliver},
  Timestamp                = {2013.08.23}
}

@TechReport{Alrosa:2002,
  Title                    = {Annual Report of Alrosa},
  Author                   = {{Alrosa}},
  Institution              = {Alrosa},
  Year                     = {2002},

  Owner                    = {Oliver},
  Timestamp                = {2013.08.05}
}

@Article{Amel:2012,
  Title                    = {When Multi-Method Research Subverts Methodological Pluralism--or, Why We Still Need Single-Method Research},
  Author                   = {Amel, Ahmed and Sil, Rudra},
  Journal                  = {Perspectives on Politics},
  Year                     = {2012},
  Pages                    = {935-953},
  Volume                   = {10},

  Owner                    = {Oliver westerwinter},
  Timestamp                = {2013.03.20}
}

@Article{Anderson:2001,
  Title                    = {Permutation Tests for Linear Models},
  Author                   = {Anderson, Marti and Robinson, John},
  Journal                  = {Australian and New Zealand Journal of Statistics},
  Year                     = {2001},
  Pages                    = {75-88},
  Volume                   = {43},

  Owner                    = {Oliver westerwinter},
  Timestamp                = {2013.04.26}
}

@Article{Andonova:2010,
  Title                    = {Public-Private Partnerships for the Earth: Politics and Patterns of Hybrid Authority in the Multilateral System},
  Author                   = {Andonova, Lilian B.},
  Journal                  = {Global Environmental Politics},
  Year                     = {2010},
  Number                   = {2},
  Pages                    = {25-53},
  Volume                   = {10},

  Owner                    = {Oliver},
  Timestamp                = {2012.10.23}
}

@Unpublished{Andonova:2006,
  Title                    = {Globalization, Agency, and Institutional Innovation: The Rise of Public-Private Partnerships in Global Governance},
  Author                   = {Andonova, Lilian B.},
  Note                     = {Goldfarb Working Paper Series},
  Year                     = {2006},

  Owner                    = {Oliver},
  Timestamp                = {2013.08.07}
}

@Article{Andonova:2003,
  Title                    = {Franchising Global Governance: Making Sense of the Johannesburg Type II Partnerships},
  Author                   = {Andonova, Lilian B. and Levy, Marc A.},
  Journal                  = {Yearbook of International Cooperation on Environmental Development},
  Year                     = {2003},
  Pages                    = {19-32},
  Volume                   = {??},

  Owner                    = {Oliver},
  Timestamp                = {2012.10.23}
}

@Book{Angell:1933,
  Title                    = {The Great Illusion},
  Author                   = {Angell, Norman},
  Publisher                = {Putnam},
  Year                     = {1933},

  Address                  = {New York},

  Owner                    = {Oliver},
  Timestamp                = {2015.04.10}
}

@Book{angell:1909,
  Title                    = {{E}urope's {O}ptical {I}llusion},
  Author                   = {Angell, Norman},
  Publisher                = {Norman Angell},
  Year                     = {1909},

  Address                  = {London},

  Date-added               = {2006-06-14 09:47:05 -0400},
  Date-modified            = {2006-06-14 09:55:46 -0400}
}

@Article{Austen:1992,
  Title                    = {Strategic Models of Talk in Political Decision Making},
  Author                   = {Austen-Smith, David},
  Journal                  = {International Political Science Review},
  Year                     = {1992},
  Pages                    = {45-58},
  Volume                   = {13},

  Owner                    = {OWesterwinter},
  Timestamp                = {2014.08.26}
}

@Unpublished{Austin:1999,
  Title                    = {The Collaboration Challenge: Making the Most of Strategic Alliances between Nonprofits and Corporations},
  Author                   = {Austin, James E.},
  Note                     = {Harvard Business School. Social Enterprise Series No. 6},
  Year                     = {1999},

  Owner                    = {Oliver},
  Timestamp                = {2013.08.07}
}

@Unpublished{Avant:2013,
  Title                    = {US Roles in Global Security Governance: Activating Different Networks to Regulate Small Arms and Military and Security Services},
  Author                   = {Avant, Deborah},
  Note                     = {Paper presented at the workshop ``The New Power Politics: Networks, Governance, and Global Security''. University of Denver, March 1-2.},
  Year                     = {2013},

  Owner                    = {Oliver},
  Timestamp                = {2013.03.08}
}

@Unpublished{Avant:2013b,
  Title                    = {The New Power Politics: Networks and Transnational Security Governance},
  Author                   = {Avant, Deborah and Oliver Westerwinter},
  Note                     = {Manuscript: University of Denver},
  Year                     = {2013},

  Owner                    = {Oliver},
  Timestamp                = {2013.08.08}
}

@Unpublished{Avant:2012,
  Title                    = {The New Power Politics: Networks, Governance, and Global Security},
  Author                   = {Avant, Deborah and Westerwinter, Oliver},
  Note                     = {Manuscript, University of Denver},
  Year                     = {2012}
}

@Book{Axelrod:1984,
  Title                    = {The Evolution of Cooperation},
  Author                   = {Axelrod, Robert},
  Publisher                = {Basic Books},
  Year                     = {1984},

  Address                  = {New York},

  Owner                    = {Oliver},
  Timestamp                = {2012.10.07}
}

@Article{Axelrod:1985,
  Title                    = {Achieving Cooperation Under Anarchy: Strategies and Institutions},
  Author                   = {Axelrod, Robert and Keohane, Robert O.},
  Journal                  = {World Politics},
  Year                     = {1985},
  Number                   = {1},
  Pages                    = {226-254},
  Volume                   = {38},

  Owner                    = {Oliver},
  Timestamp                = {2012.10.07}
}

@Unpublished{Azar:1993,
  Title                    = {Conflict and Peace Data Bank (COPDAB), 1948-1978},
  Author                   = {Azar, Edward E.},
  Note                     = {ICPSR 7767. Interuniversity Consortium for Political Science Research},
  Year                     = {1993},

  Owner                    = {Oliver},
  Timestamp                = {2015.01.09}
}

@Article{Bachrach:1962,
  Title                    = {Two Faces of Power},
  Author                   = {Bachrach, Peter and Baratz, Morton S.},
  Journal                  = {American Political Science Review},
  Year                     = {1962},
  Pages                    = {947-952},
  Volume                   = {56}
}

@TechReport{Bain:2011,
  Title                    = {The Global Diamond Industry. Lifting the Veil of Mytery},
  Author                   = {{Bain \& Company}},
  Institution              = {Bain \& Company},
  Year                     = {2011},

  Owner                    = {Oliver westerwinter},
  Timestamp                = {2013.03.23}
}

@InCollection{Baldwin:2002,
  Title                    = {Power and International Relations},
  Author                   = {Baldwin, David A.},
  Booktitle                = {Handbook of International Relations},
  Publisher                = {Sage Publications},
  Year                     = {2002},

  Address                  = {London},
  Editor                   = {Carlsnaes, Walter and Thomas Risse and Beth A. Simmons},
  Pages                    = {177-191},

  Owner                    = {Oliver},
  Timestamp                = {2013.08.07}
}

@Article{Baldwin:1979,
  Title                    = {Power Analysis and World Politics: New Trends versus Old Tendencies},
  Author                   = {Baldwin, David A.},
  Journal                  = {World Politics},
  Year                     = {1979},
  Pages                    = {161-194},
  Volume                   = {31},

  Owner                    = {Oliver},
  Timestamp                = {2012.10.14}
}

@Article{Banks:1992,
  Title                    = {A Battle-of-the-Sexes Game with Incomplete Information},
  Author                   = {Banks, Jeffrey S. and Calvert, Randall L.},
  Journal                  = {Games and Economic Behavior},
  Year                     = {1992},
  Pages                    = {347-372},
  Volume                   = {4},

  Owner                    = {Oliver},
  Timestamp                = {2012.10.07}
}

@Book{Barabasi:2003,
  Title                    = {Linked. How Everything Is Connected to Everything Else and What It Means for Business, Science, and Everyday Life},
  Author                   = {Barabasi, Albert-Laszlo},
  Publisher                = {Routledge},
  Year                     = {2003},

  Address                  = {New York}
}

@Article{Barabasi:1999,
  Title                    = {Emergence of Scaling in Random Networks},
  Author                   = {Barabasi, Albert-Laszlo and Albert, Reka},
  Journal                  = {Science},
  Year                     = {1999},
  Pages                    = {509-512},
  Volume                   = {286}
}

@Book{Barbieri:2003,
  Title                    = {The Liberal Myth},
  Author                   = {Barbieri, Katherine},
  Publisher                = {University of Michigan Press},
  Year                     = {2003},

  Address                  = {Ann Arbor},

  Owner                    = {OWesterwinter},
  Timestamp                = {2015.04.09}
}

@Book{Barbieri:2002,
  Title                    = {The Liberal Illusion: Does Trade Promote Peace?},
  Author                   = {Barbieri, Katherine},
  Publisher                = {University of Michigan Press},
  Year                     = {2002},

  Address                  = {Ann Arbor},

  Owner                    = {OWesterwinter},
  Timestamp                = {2015.12.19}
}

@Article{Barbieri:1996,
  Title                    = {Economic Interdependence: A Path to Peace or a Source of International Conflict?},
  Author                   = {Barbieri, Katherine},
  Journal                  = {Journal of Peace Research},
  Year                     = {1996},
  Number                   = {1},
  Pages                    = {29-49},
  Volume                   = {33},

  Owner                    = {OWesterwinter},
  Timestamp                = {2015.04.09}
}

@Article{Barbieri:1999,
  Title                    = {Globalization and peace: Assessing new directions in the study of trade and conflict},
  Author                   = {Barbieri, Katherine and Schneider, Gerald},
  Journal                  = {Journal of Peace Research},
  Year                     = {1999},
  Number                   = {4},
  Pages                    = {387-404},
  Volume                   = {36},

  Owner                    = {OWesterwinter},
  Timestamp                = {2015.04.09}
}

@Article{Barnett:2005,
  Title                    = {Power in International Politics},
  Author                   = {Barnett, Michael and Duvall, Raymond},
  Journal                  = {International Organization},
  Year                     = {2005},
  Pages                    = {39-75},
  Volume                   = {59}
}

@Article{Bartley:2007,
  Title                    = {Institutional Emergence in an Era of Globalization: The Rise of Transnational Private Regulation of Labor and Environmental Conditions},
  Author                   = {Bartley, Tim},
  Journal                  = {American Journal of Sociology},
  Year                     = {2007},
  Number                   = {2},
  Pages                    = {297-351},
  Volume                   = {113},

  Owner                    = {Oliver},
  Timestamp                = {2012.10.07}
}

@Article{Bearce:2007,
  Title                    = {Intergovernmental Organizations, Socialization, and Member-State Interest Convergence},
  Author                   = {Bearce, David H. and Bondanella, Stacy},
  Journal                  = {International Organization},
  Year                     = {2007},
  Number                   = {4},
  Pages                    = {703-733},
  Volume                   = {61},

  Owner                    = {OWesterwinter},
  Timestamp                = {2015.08.31}
}

@Article{Beck1998,
  Title                    = {Taking Time Seriously: Time-series-cross-section Analysis with a Binary Dependent Variable},
  Author                   = {Beck, Neal and Katz, Jonathan and Tucker, Richard},
  Journal                  = {American Journal of Political Science},
  Year                     = {1998},
  Number                   = {4},
  Pages                    = {1260-1288},
  Volume                   = {42},

  Owner                    = {Oliver},
  Timestamp                = {2015.01.09}
}

@Unpublished{Beffert:2005a,
  Title                    = {Stemming the Tide of Conflict Diamonds. The Kimberley Process. Part A},
  Author                   = {Beffert, David and Benner, Thorsten},
  Note                     = {Hertie School of Governance Case Program},
  Year                     = {2005},

  Owner                    = {Oliver},
  Timestamp                = {2013.02.25}
}

@Unpublished{Beffert:2005b,
  Title                    = {Stemming the Tide of Conflict Diamonds. The Kimberley Process. Part B},
  Author                   = {Beffert, David and Benner, Thorsten},
  Note                     = {Hertie School of Governance Case Program},
  Year                     = {2005},

  Owner                    = {Oliver},
  Timestamp                = {2013.02.25}
}

@Article{Benner:2004,
  Title                    = {Multisectoral Networks in Global Governance: Towards a Pluralistic System of Accountability},
  Author                   = {Benner, Thorsten and Wolfgang H. Reinicke and Jan Martin Witte},
  Journal                  = {Government and Opposition},
  Year                     = {2004},
  Pages                    = {191-210},
  Volume                   = {39},

  Owner                    = {Oliver},
  Timestamp                = {2013.08.07}
}

@InCollection{Bennett:2008,
  Title                    = {Process Tracing: A Bayesian Perspective},
  Author                   = {Bennett, Andrew},
  Booktitle                = {The Oxford Handbook of Political Methodology},
  Publisher                = {Oxford University Press},
  Year                     = {2008},

  Address                  = {Oxford},
  Editor                   = {Box-Steffensmeier, Janet M. and Brady, Henry E. and Collier, David},
  Pages                    = {702-721},

  Owner                    = {Oliver westerwinter},
  Timestamp                = {2013.03.20}
}

@Article{Bennett:2007,
  Title                    = {Case Study Methods in the International Relations Subfield},
  Author                   = {Bennett, Andrew and Elman, Colin},
  Journal                  = {Comparative Political Studies},
  Year                     = {2007},
  Pages                    = {170-195},
  Volume                   = {40},

  Owner                    = {Oliver westerwinter},
  Timestamp                = {2013.03.20}
}

@Article{Bennett:2006,
  Title                    = {Qualitative Research: Recent Developments in Case Study Methods},
  Author                   = {Bennett, Andrew and Elman, Colin},
  Journal                  = {Annual Review of Political Science},
  Year                     = {2006},
  Pages                    = {455-476},
  Volume                   = {9},

  Owner                    = {Oliver westerwinter},
  Timestamp                = {2013.03.20}
}

@Article{Bernstein:1992,
  Title                    = {Opting Out of the Legal System: Extralegal Contractual Relations in the Diamond Industry},
  Author                   = {Bernstein, Lisa},
  Journal                  = {Journal of Legal Studies},
  Year                     = {1992},
  Pages                    = {115-157},
  Volume                   = {21},

  Owner                    = {Oliver westerwinter},
  Timestamp                = {2013.03.21}
}

@TechReport{Bhp:2011,
  Title                    = {Our Strategy DDeliver. Annual Report 2010},
  Author                   = {{BHP Billiton Limited}},
  Institution              = {BHP Billiton Limited},
  Year                     = {2011},

  Owner                    = {Oliver},
  Timestamp                = {2013.08.23}
}

@TechReport{Bhp:2002,
  Title                    = {Stability, Growth, Value},
  Author                   = {{BHP Billiton Limited}},
  Institution              = {BHP Billiton Limited},
  Year                     = {2002},

  Owner                    = {Oliver},
  Timestamp                = {2013.08.05}
}

@Book{Bieri:2010,
  Title                    = {From Blood Diamonds to the Kimberley Process. How NGOs Cleaned up the Global Diamond Industry},
  Author                   = {Bieri, Franziska},
  Publisher                = {Ashgate},
  Year                     = {2010},

  Address                  = {Farnham}
}

@Unpublished{Bieri:2012,
  Title                    = {How Trust Shapes Global Action Networks: Evidence from the Kimberley Process},
  Author                   = {Bieri, Franziska and Steve Waddell},
  Note                     = {Paper presented at the 19th Annual Conference on Multi-Organizational Partnerships, Alliances and Networks},
  Year                     = {2012},

  Owner                    = {Oliver},
  Timestamp                = {2013.08.22}
}

@InCollection{Biermann:2012,
  Title                    = {The overall effects of partnerships for sustainable development: more smoke than fire?},
  Author                   = {Biermann, Frank and Sander Chan and Aysem Mert and Philipp Pattberg},
  Booktitle                = {Public-Private Partnerships for Sustainable Development. Emergence, Influence and Legitimacy},
  Publisher                = {Edward Elgar},
  Year                     = {2012},

  Address                  = {Cheltenham},
  Editor                   = {Pattberg, Philipp and Frank Biermann and Sander Chan and Aysem Mert},
  Pages                    = {69-87},

  Owner                    = {Oliver},
  Timestamp                = {2013.08.09}
}

@Article{Biermann:2008,
  Title                    = {Towards a theory of inter-organizational networking. The Euro-Atlantic security institutions interacting},
  Author                   = {Biermann, Rafael},
  Journal                  = {Review of International Organization},
  Year                     = {2008},
  Pages                    = {151-177},
  Volume                   = {3}
}

@Book{Blainey:1973,
  Title                    = {The Causes of War},
  Author                   = {Blainey, Geoffrey},
  Publisher                = {Simon and Schuster},
  Year                     = {1973},

  Address                  = {New York},

  Owner                    = {Oliver},
  Timestamp                = {2013.03.19}
}

@Article{Blavoukos:2006,
  Title                    = {Parameters of the Chairmanship's Effectiveness: The Case of the UN Security Council},
  Author                   = {Blavoukos, Spyros and Bourantonis, Dimitris and Tsakonas, Panayotis},
  Journal                  = {The Hague Journal of Diplomacy},
  Year                     = {2006},
  Pages                    = {143-170},
  Volume                   = {1},

  Owner                    = {Oliver westerwinter},
  Timestamp                = {2013.05.13}
}

@Article{Boehmer:2004,
  Title                    = {Do Intergovernmental Organizations Promote Peace?},
  Author                   = {Boehmer, Charles and Gartzke, Erik and Timonthy Nordstrom},
  Journal                  = {World Politics},
  Year                     = {2004},
  Pages                    = {1-38},
  Volume                   = {57},

  Owner                    = {OWesterwinter},
  Timestamp                = {2014.08.26}
}

@Article{Bonacich:1987,
  Title                    = {Power and Centrality: A Family of Measures},
  Author                   = {Bonacich, Phillip},
  Journal                  = {American Journal of Sociology},
  Year                     = {1987},
  Pages                    = {1170-1182},
  Volume                   = {92}
}

@InCollection{Bone:2004,
  Title                    = {Conflict diamonds: the De Beers Group and the Kimberley Process},
  Author                   = {Bone, Andrew},
  Booktitle                = {Business and Security. Public-Private Sector Relationships in a New Security Environment},
  Publisher                = {Oxford University Press},
  Year                     = {2004},

  Address                  = {Oxford},
  Editor                   = {Bailes, Alyson J.K. and Frommelt, Isabel},
  Pages                    = {129-147}
}

@InCollection{Bone:2012,
  Title                    = {The Kimberley Process Certification Scheme: The Primary Safeguard for the Diamond Industry},
  Author                   = {Bone, Andrew},
  Booktitle                = {High-Value National Resources and Peacebuilding},
  Publisher                = {Earthscan},
  Year                     = {2012},

  Address                  = {London},

  Owner                    = {Oliver westerwinter},
  Timestamp                = {2013.03.21}
}

@Article{Borgatti:1999,
  Title                    = {Models of core/periphery structures},
  Author                   = {Borgatti, Stephen P. and Everett, Martin G.},
  Journal                  = {Social Networks},
  Year                     = {1999},
  Pages                    = {375-395},
  Volume                   = {21}
}

@Manual{Borgatti:2002,
  Title                    = {Ucinet for Windows: Software for Social Network Analysis},

  Address                  = {Harvard, MA},
  Author                   = {Borgatti, Stephen P. and Martin G. Everett and Linton C. Freeman},
  Note                     = {UCINET version 6.476},
  Organization             = {Analytic Technologies},
  Year                     = {2002},

  Owner                    = {Oliver},
  Timestamp                = {2013.08.03}
}

@Article{Borgatti:2009,
  Title                    = {Network Analysis in the Social Sciences},
  Author                   = {Borgatti, Stephen P. and Mehra, Ajay and Brass, Daniel J. and Labianca, Giuseppe},
  Journal                  = {Science},
  Year                     = {2009},
  Pages                    = {892-895},
  Volume                   = {323},

  Owner                    = {Oliver westerwinter},
  Timestamp                = {2013.03.20}
}

@InCollection{Borzel:2005,
  Title                    = {Public-Private Partnerships: Effective and Legitimate Tools of Transnational Governance?},
  Author                   = {Borzel, Tanja A. and Risse, Thomas Risse},
  Booktitle                = {Complex Sovereignty: Reconstituting Political Authority in the Twenty-first Century},
  Publisher                = {University of Toronto Press},
  Year                     = {2005},

  Address                  = {Toronto},
  Editor                   = {Grande, Edgar and Pauly, Louis W.},
  Pages                    = {195-216}
}

@Unpublished{Boutros:1992,
  Title                    = {An Agenda for Peace: Preventive Diplomancy, Peacemaking and Peace-Keeping},
  Author                   = {Boutros-Ghali, Boutros},
  Note                     = {A/47/277-S/24111},
  Year                     = {1992},

  Owner                    = {Oliver},
  Timestamp                = {2012.11.04}
}

@Book{Brecher:1997,
  Title                    = {A Study in Crisis},
  Author                   = {Brecher, Michael and Wilkenfeld, Jonathan},
  Publisher                = {University of Michigan Press},
  Year                     = {1997},

  Address                  = {Ann Arbor},

  Owner                    = {Oliver},
  Timestamp                = {2015.01.09}
}

@Article{Brinkerhoff:2002,
  Title                    = {Partnership as a Social Network Mediator for Resolving Global Conflict: The Case of the World Commission on Dams},
  Author                   = {Brinkerhoff, Jennifer M.},
  Journal                  = {International Journal of Public Administration},
  Year                     = {2002},
  Pages                    = {1281-1310},
  Volume                   = {25}
}

@Article{Broz:2006,
  Title                    = {Congressional Politics of Financing the International Monetary Fund},
  Author                   = {Broz, Lawrence J. and Hawes, Michael Brewster},
  Journal                  = {International Organization},
  Year                     = {2006},
  Number                   = {2},
  Pages                    = {367-399},
  Volume                   = {60},

  Owner                    = {OWesterwinter},
  Timestamp                = {2015.08.31}
}

@Book{Mesquita:1981,
  Title                    = {The War Trap},
  Author                   = {Bueno de Mesquita, Bruce},
  Publisher                = {Yale University Press},
  Year                     = {1981},

  Address                  = {New Haven},

  Owner                    = {Oliver},
  Timestamp                = {2015.01.09}
}

@Book{Mesquita:1992,
  Title                    = {War and Reason: Domestic and International Imperatives},
  Author                   = {Bueno de Mesquita, Bruce and Lalman, David},
  Publisher                = {Yale University Press},
  Year                     = {1992},

  Address                  = {New Haven},

  Owner                    = {Oliver},
  Timestamp                = {2015.01.09}
}

@Unpublished{Burkhalter:2001,
  Title                    = {Blood On the Dimaonds},
  Author                   = {Burkhalter, Holly},
  Note                     = {Washington Post},
  Year                     = {2001},

  Owner                    = {Oliver},
  Timestamp                = {2013.02.26}
}

@InCollection{Burt:1983,
  Title                    = {Network Data from Informant Interviews},
  Author                   = {Burt, Ronald S.},
  Booktitle                = {Applied Network Analysis. A Methodological Introduction},
  Year                     = {1983},

  Address                  = {Beverly Hills},
  Editor                   = {Burt, Ronald S. and Minor, Michael J.},
  Pages                    = {133-157}
}

@Book{Burt:1992,
  Title                    = {Structural Holes: The Social Structure of Competition},
  Author                   = {Burt, Ronald S.},
  Publisher                = {Cambridge University Press},
  Year                     = {1992},

  Address                  = {Cambridge}
}

@Article{Burt:1984,
  Title                    = {Network Items and the General Social Survey},
  Author                   = {Burt, Ronald S.},
  Journal                  = {Social Networks},
  Year                     = {1984},
  Pages                    = {293-339},
  Volume                   = {6},

  Owner                    = {Oliver},
  Timestamp                = {2013.08.18}
}

@Article{Buthe:2004,
  Title                    = {Governance Through Private Authority: Non-State Actors in World Politics},
  Author                   = {Buthe, Tim},
  Journal                  = {Journal of International Affairs},
  Year                     = {2004},
  Number                   = {1},
  Pages                    = {281-290},
  Volume                   = {58},

  Owner                    = {Oliver},
  Timestamp                = {2012.10.07}
}

@Book{Buthe:2011,
  Title                    = {The New Global Rulers. The Privatization of Regulation in the World Economy},
  Author                   = {Buthe, Tim and Mattli, Walter},
  Publisher                = {Princeton University Press},
  Year                     = {2011},

  Address                  = {Princeton},

  Owner                    = {Oliver},
  Timestamp                = {2012.10.07}
}

@Article{Butts:2009,
  Title                    = {Social network analysis: a methodological introduction},
  Author                   = {Butts, Carter T.},
  Journal                  = {Asian Journal of Social Psychology},
  Year                     = {2009},
  Pages                    = {13-41},
  Volume                   = {11}
}

@Unpublished{Butts:2001,
  Title                    = {Multivariate Methods for Inter-Structural Analysis},
  Author                   = {Butts, Carter T. and Carley, Kathleen M.},
  Note                     = {Manuscript. Carnegie Mellon University.},
  Year                     = {2001},

  Owner                    = {Oliver westerwinter},
  Timestamp                = {2013.05.06}
}

@Manual{Butts:2013,
  Title                    = {network: Classes for Relational Data},

  Address                  = {Irvine, CA},
  Author                   = {Carter T. Butts and Mark S. Handcock and David R. Hunter},
  Month                    = {March 15},
  Note                     = {R package version 1.7.2},
  Year                     = {2013},

  Owner                    = {Oliver},
  Timestamp                = {2013.08.02},
  Url                      = {http://statnet.org/}
}

@Book{Cameron:2013,
  Title                    = {Regression Analysis of Count Data},
  Author                   = {Cameron, Colin A. and Trivedi, Pravin K.},
  Publisher                = {Cambridge University Press},
  Year                     = {2013},

  Address                  = {New York},
  Edition                  = {Second edition},

  Owner                    = {Oliver},
  Timestamp                = {2015.01.09}
}

@Article{Cameron:1986,
  Title                    = {Econometric Models Based on Count Data: ComComparisons and Applications of some Estimators and Tests},
  Author                   = {Cameron, Colin A. and Trivedi, Pravin K.},
  Journal                  = {Journal of Applied Econometrics},
  Year                     = {1986},
  Pages                    = {29-53},
  Volume                   = {1},

  Owner                    = {OWesterwinter},
  Timestamp                = {2015.04.07}
}

@Article{Cao:2010,
  Title                    = {Networks as Channels of Policy Diffusion: Explaining WorlWorld CChange in Capital Taxation, 1998-2006},
  Author                   = {Cao, Xun},
  Journal                  = {International Studies Quarterly},
  Year                     = {2010},
  Pages                    = {823-854},
  Volume                   = {54},

  Owner                    = {Oliver westerwinter},
  Timestamp                = {2013.03.20}
}

@Article{Carpenter:2011,
  Title                    = {Vetting the Advocacy Agenda: Network Centrality and the Paradox of Weapons Norms},
  Author                   = {Carpenter, Charli R.},
  Journal                  = {International Organization},
  Year                     = {2011},
  Pages                    = {69-102},
  Volume                   = {65}
}

@Book{Carr:1939,
  Title                    = {The Twenty Years' Crisis: 1919-1939},
  Author                   = {Carr, E. H.},
  Publisher                = {Macmillan},
  Year                     = {1939},

  Address                  = {London},

  Owner                    = {OWesterwinter},
  Timestamp                = {2015.04.09}
}

@Unpublished{Cassar:2002,
  Title                    = {Coordination and Cooperation in Local, Random and Small-World Networks: Experimental Evidence},
  Author                   = {Cassar, Alessandra},
  Note                     = {Manuscript, University of California, Santa Cruz},
  Year                     = {2002}
}

@InProceedings{Chakraborty:2010,
  Title                    = {A Behavioral Study of Bargaining in Social Networks},
  Author                   = {Chakraborty, Tanmoy and Judd, Stephen and Kearns, Michael and Tan, Jinsong},
  Booktitle                = {ACM Conference on Electronic Commerce},
  Year                     = {2010},

  Address                  = {Cambridge, Massachusetts},
  Month                    = {June 7-11},
  Pages                    = {243-252}
}

@Book{Chang:1992,
  Title                    = {The Cuban Missile Crisis, 1962},
  Author                   = {Chang, Laurence and Kornbluh, Peter},
  Publisher                = {The New Press},
  Year                     = {1992},

  Address                  = {New York}
}

@Article{Charness:2007,
  Title                    = {Bargaining and Network Structure: An Experiment},
  Author                   = {Charness, Gary and Corominas-Bosch, Margarida and Frechette, Guillaume R},
  Journal                  = {Journal of Economic Theory},
  Year                     = {2007},
  Pages                    = {28-65},
  Volume                   = {136}
}

@Book{Chayes:1995,
  Title                    = {The New Sovereign: Compliance with International Regulatory Agreements},
  Author                   = {Chayes, Abram and Chayes, Handler Antonia},
  Publisher                = {Harvard University Press},
  Year                     = {1995},

  Address                  = {Cambridge},

  Owner                    = {Oliver westerwinter},
  Timestamp                = {2013.03.24}
}

@Article{Chayes:1993,
  Title                    = {On Compliance},
  Author                   = {Chayes, Abram and Chayes, Handler Antonia},
  Journal                  = {International Organization},
  Year                     = {1993},
  Pages                    = {175-205},
  Volume                   = {47},

  Owner                    = {Oliver westerwinter},
  Timestamp                = {2013.03.24}
}

@Article{Choi:2015,
  Title                    = {A Menace to the Democratic Peace? Dyadic and Systemic Difference.},
  Author                   = {Choi, Seung-Whan},
  Journal                  = {International Studies Quarterly},
  Year                     = {forthcoming},

  Owner                    = {OWesterwinter},
  Timestamp                = {2016.02.07}
}

@InCollection{Christiansen:2003,
  Title                    = {Informal governance in the European Union: an introduction},
  Author                   = {Christiansen, Thomas and Follesdal, Andreas and Piattoni, Simona},
  Booktitle                = {Informal Governance in the European Union},
  Publisher                = {Edward Elgar},
  Year                     = {2003},

  Address                  = {Cheltenham, United Kingdom},
  Editor                   = {Christiansen, Thomas and Piattoni, Simona},
  Pages                    = {1-21}
}

@InCollection{Christiansen:2012,
  Title                    = {Introduction},
  Author                   = {Christiansen, Thomas and Neuhold, Christine},
  Booktitle                = {International Handbook on Informal Governance},
  Publisher                = {Edward Elgar},
  Year                     = {2012},

  Address                  = {Cheltenham, United Kingdom},
  Editor                   = {Christiansen, Thomas and Neuhold, Christine},
  Pages                    = {1-15}
}

@Book{Cobden:1903,
  Title                    = {Political Writings of Richard Cobden. Vol. I.},
  Author                   = {Cobden, Richard},
  Publisher                = {T. Fisher Unwin},
  Year                     = {1903},

  Address                  = {London},

  Owner                    = {OWesterwinter},
  Timestamp                = {2015.04.09}
}

@Article{Coleman:1988,
  Title                    = {Social Capital in the Creation of Human Capital},
  Author                   = {Coleman, James S.},
  Journal                  = {American Journal of Sociology},
  Year                     = {1988},
  Pages                    = {95-120},
  Volume                   = {94}
}

@Unpublished{Collier:2011,
  Title                    = {Teaching Process Tracing},
  Author                   = {Collier, David},
  Note                     = {Manuscript, University of California, Berkeley},
  Year                     = {2011},

  Owner                    = {Oliver westerwinter},
  Timestamp                = {2013.03.20}
}

@Unpublished{Collier:1999,
  Title                    = {Data, Field Work and Extracting New Ideas at Close Range},
  Author                   = {Collier, David},
  Note                     = {Letter from the President. Newsletter of the Organized Section in Comparative Politics of the American Political Science Association},
  Year                     = {1999},

  Owner                    = {Oliver westerwinter},
  Timestamp                = {2013.03.20}
}

@InCollection{Collier:2010,
  Title                    = {Sources of Leverage in Causal Inference: Toward an Alternative View of Methodology},
  Author                   = {Collier, David and Brady, Henry E. and Seawright, Jason},
  Booktitle                = {Rethinking Social Inquiry. Diverse Tools, Shared Standards},
  Publisher                = {Rowman \& Littlefield Publishers},
  Year                     = {2010},

  Address                  = {Lanham},
  Editor                   = {Brady, Henry E. and Collier, David},
  Pages                    = {161-199},

  Owner                    = {Oliver westerwinter},
  Timestamp                = {2013.03.20}
}

@Article{Cooley:2002,
  Title                    = {The NGO Scramble: Organizational Insecurity and the Political Economy of Transnational Action},
  Author                   = {Cooley, Alexander and Ron, James},
  Journal                  = {International Security},
  Year                     = {2002},
  Pages                    = {5-39},
  Volume                   = {27},

  Owner                    = {Oliver},
  Timestamp                = {2012.11.04}
}

@Unpublished{Corbae:2002,
  Title                    = {Experiments with Network Economies},
  Author                   = {Corbae, Dean and Duffy, John},
  Note                     = {Manuscript},
  Year                     = {2002}
}

@Article{Cranmer:2011,
  Title                    = {Inferential Network Analysis with Exponential Random Graph Models},
  Author                   = {Cranmer, Skyler J. and Desmarais, Bruce A.},
  Journal                  = {Political Analysis},
  Year                     = {2011},
  Number                   = {1},
  Pages                    = {66-86},
  Volume                   = {19}
}

@Article{Cranmer:2012,
  Title                    = {Complex Dependencies in the Alliance Network},
  Author                   = {Cranmer, Skyler J. and Desmarais, Bruce A. and Menninga, Elizabeth J.},
  Journal                  = {Conflict Management and Peace Science},
  Year                     = {2012},
  Pages                    = {279-313},
  Volume                   = {29},

  Owner                    = {Oliver},
  Timestamp                = {2013.01.14}
}

@Article{Crescenzi:2003,
  Title                    = {Economic Exit, Interdependence, and Conflict: An Empirical Analysis.},
  Author                   = {Crescenzi, Mark},
  Journal                  = {Journal of Politics},
  Year                     = {2003},
  Number                   = {3},
  Pages                    = {809-832},
  Volume                   = {65},

  Date-modified            = {2013-10-22 13:57:07 +0000},
  Owner                    = {OWesterwinter},
  Timestamp                = {2016.02.15}
}

@Article{Crescenzi:2002,
  Title                    = {Economic Exit, Interdependence, and Conflict},
  Author                   = {Crescenzi, Mark},
  Journal                  = {Journal of Politics},
  Year                     = {2002},
  Number                   = {3},
  Pages                    = {772-792},
  Volume                   = {65},

  Owner                    = {OWesterwinter},
  Timestamp                = {2015.04.09}
}

@Book{Crescenzi:2005,
  Title                    = {Economic Interdependence and Conflict in World Politics},
  Author                   = {Crescenzi, Mark J.},
  Publisher                = {Lanham},
  Year                     = {2005},

  Address                  = {Lexington},

  Owner                    = {OWesterwinter},
  Timestamp                = {2015.12.21}
}

@Book{Cutler:1999,
  Title                    = {Private Authority and International Affairs},
  Author                   = {Cutler, Claire. A. and Haufler, Virginia and Porter, Tony},
  Publisher                = {State University of New York Press},
  Year                     = {1999},

  Address                  = {Albany},

  Owner                    = {Oliver},
  Timestamp                = {2012.10.07}
}

@Article{Dahl:1957,
  Title                    = {The Concept of Power},
  Author                   = {Dahl, Robert A.},
  Journal                  = {Behavioral Science},
  Year                     = {1957},
  Pages                    = {201-215},
  Volume                   = {2},

  Owner                    = {Oliver},
  Timestamp                = {2012.10.14}
}

@TechReport{DeBeers:2011,
  Title                    = {Operating \& Financial Review 2010},
  Author                   = {{De Beers}},
  Institution              = {De Beers},
  Year                     = {2011},

  Owner                    = {Oliver},
  Timestamp                = {2013.08.23}
}

@TechReport{DeBeers:2010,
  Title                    = {Operating and Financial Review 2009},
  Author                   = {{De Beers}},
  Institution              = {De Beers},
  Year                     = {2010},

  Owner                    = {Oliver},
  Timestamp                = {2013.08.23}
}

@Article{Desmarais:2012,
  Title                    = {Statistical Mechanics of Networks: Estimation and Uncertainty},
  Author                   = {Desmarais, Bruce A. and Cranmer, Sklyer J.},
  Journal                  = {Physica A},
  Year                     = {2012},
  Number                   = {4},
  Pages                    = {1865-1876},
  Volume                   = {391},

  Owner                    = {OWesterwinter},
  Timestamp                = {2015.12.16}
}

@Unpublished{DeWinter:2012,
  Title                    = {Voluntary Standards in the Private Security Industry: The IImpact of Standards Proliferation on Self-Regulation},
  Author                   = {DeWinter-Schmitt, Rebecca},
  Note                     = {Manuscript, American University},
  Year                     = {2012},

  Owner                    = {Oliver westerwinter},
  Timestamp                = {2013.03.21}
}

@Unpublished{Doring:2008,
  Title                    = {Inter-Agency Coordination in United Nations Peacebuilding. Practical implications from a micro-level analysis of the United Nations Family in Liberia},
  Author                   = {D�ring, Sebastian and Schreiner, Melanie},
  Note                     = {Project Report 1},
  Year                     = {2008}
}

@Article{diehl:1985,
  Title                    = {{C}ontiguity and {M}ilitary {E}scalation in {M}ajor {P}ower {R}ivalries, 1816--1980},
  Author                   = {Diehl, Paul},
  Journal                  = {Journal of Politics},
  Year                     = {1985},
  Number                   = {4},
  Pages                    = {1203--1211},
  Volume                   = {47},

  Date-added               = {2006-01-23 02:36:00 -0500},
  Date-modified            = {2006-01-23 02:40:05 -0500}
}

@Book{Dingwerth:2007,
  Title                    = {The New TraTransnational. Transnational Governance and Democratic Legitimacy},
  Author                   = {Dingwerth, Klaus},
  Publisher                = {Palgrave Macmillan},
  Year                     = {2007},

  Address                  = {Houndmills},

  Owner                    = {Oliver westerwinter},
  Timestamp                = {2013.03.22}
}

@Article{Doreian:1974,
  Title                    = {On the Connectivity of Social Networks},
  Author                   = {Doreian, P.},
  Journal                  = {Journal of Mathematical Sociology},
  Year                     = {1974},
  Pages                    = {245-258},
  Volume                   = {3}
}

@Article{Dorussen:2010,
  Title                    = {Trade Networks and the Kantian Peace},
  Author                   = {Dorussen, Han and Ward, Hugh},
  Journal                  = {Journal of Peace Research},
  Year                     = {2010},
  Number                   = {1},
  Pages                    = {29-42},
  Volume                   = {47},

  Owner                    = {OWesterwinter},
  Timestamp                = {2015.04.09}
}

@Article{Dorussen:2008,
  Title                    = {International Organizations and the Kantian Peace: A Network Perspective},
  Author                   = {Dorussen, Han and Ward, Hugh},
  Journal                  = {Journal of Conflict Resolution},
  Year                     = {2008},
  Number                   = {2},
  Pages                    = {189-212},
  Volume                   = {52}
}

@Article{Santos:1970,
  Title                    = {The Structure of Dependence},
  Author                   = {Dos Santos, Theotonio},
  Journal                  = {American Economic Review},
  Year                     = {1970},
  Number                   = {2},
  Pages                    = {231-236},
  Volume                   = {60},

  Owner                    = {Oliver},
  Timestamp                = {2015.04.10}
}

@Book{Downs:1990,
  Title                    = {Tacit Bargaining, Arms Races, and Arms Control},
  Author                   = {Downs, George W. and Rocke, David M.},
  Publisher                = {University of Michigan Press},
  Year                     = {1990},

  Address                  = {Ann Arbor},

  Owner                    = {Oliver},
  Timestamp                = {2012.10.07}
}

@Article{Downs:1996,
  Title                    = {Is the good news about compliance good news about cooepration?},
  Author                   = {Downs, George W. and Rocke, David M. and Barsoom, Peter N.},
  Journal                  = {International Organization},
  Year                     = {1996},
  Pages                    = {379-406},
  Volume                   = {50},

  Owner                    = {Oliver},
  Timestamp                = {2013.02.25}
}

@Book{Doyle:1997,
  Title                    = {Ways of War and Peace: Realism, Liberalism, and Socialism},
  Author                   = {Doyle, Michael},
  Publisher                = {Norton},
  Year                     = {1997},

  Address                  = {New York},

  Owner                    = {Oliver},
  Timestamp                = {2015.04.10}
}

@Article{Doyle:1986,
  Title                    = {Liberalism as World Politics},
  Author                   = {Doyle, Michael},
  Journal                  = {American Political Science Review},
  Year                     = {1986},
  Number                   = {4},
  Pages                    = {1151-1169},
  Volume                   = {80},

  Owner                    = {Oliver},
  Timestamp                = {2015.04.10}
}

@Book{Drezner:2007,
  Title                    = {All Politics is Global. Explaining International Regulatory Regimes},
  Author                   = {Drezner, Daniel W.},
  Publisher                = {Princeton University Press},
  Year                     = {2007},

  Address                  = {Princeton},

  Owner                    = {Oliver},
  Timestamp                = {2013.02.25}
}

@Article{Drezner:2004,
  Title                    = {The Global Governance of the Internet: Bringing the State Back In},
  Author                   = {Drezner, Daniel W.},
  Journal                  = {Political Science Quarterly},
  Year                     = {2004},
  Pages                    = {477-498},
  Volume                   = {119},

  Owner                    = {Oliver},
  Timestamp                = {2013.08.07}
}

@Article{Druckman:2006,
  Title                    = {The Growth and Development of Experimental Research in Political Science},
  Author                   = {Druckman, James N. and Green, Donald P. and Kuklinski, James H. and Lupi, Arthur},
  Journal                  = {American Political Science Review},
  Year                     = {2006},
  Pages                    = {627-635},
  Volume                   = {100}
}

@Article{Duffield:2003,
  Title                    = {The Limits of "Rational Design"},
  Author                   = {Duffield, John S.},
  Journal                  = {International Organization},
  Year                     = {2003},
  Pages                    = {411-430},
  Volume                   = {55}
}

@Book{Easley:2010,
  Title                    = {Networks, Crowds, and Markets. Reasoning about a Highly Connected World},
  Author                   = {Easley, David and Jon Kleinberg},
  Publisher                = {Cambridge University Press},
  Year                     = {2010},

  Address                  = {Cambridge, NY},

  Owner                    = {Oliver},
  Timestamp                = {2012.09.09}
}

@InCollection{Eckstein:1975,
  Title                    = {Case Studies and Theory in Political Science},
  Author                   = {Eckstein, Harry},
  Booktitle                = {Handbook of Political Science},
  Publisher                = {Addison-Wesley},
  Year                     = {1975},

  Address                  = {Reading},
  Editor                   = {Greenstein, Fred and Polsby, Nelson},
  Pages                    = {79-138},
  Volume                   = {7},

  Owner                    = {Oliver westerwinter},
  Timestamp                = {2013.03.21}
}

@Article{Efron:1981,
  Title                    = {Nonparametric Estimates of Standard Error: The Jackknife, the Bootstrap and Other Methods},
  Author                   = {Efron, Bradley},
  Journal                  = {Biometrika},
  Year                     = {1981},
  Pages                    = {589-599},
  Volume                   = {68},

  Owner                    = {Oliver},
  Timestamp                = {2013.01.13}
}

@InCollection{Eilstrup:2009,
  Title                    = {Varieties of Cooperation. Government Networks in International Security},
  Author                   = {Eilstrup-Sangiovanni, Mette},
  Booktitle                = {Networked Politics. Agency, Power, and Governance},
  Publisher                = {Cornell University Press},
  Year                     = {2009},

  Address                  = {Ithaca and London},
  Editor                   = {Kahler, Miles},
  Pages                    = {194-227}
}

@Article{Emirbayer:1994,
  Title                    = {Network Analysis, Culture, and the Problem of Agency},
  Author                   = {Emirbayer, Mustafa and Goodwin, Jeff},
  Journal                  = {American Journal of Sociology},
  Year                     = {1994},
  Pages                    = {1411-1454},
  Volume                   = {99}
}

@InCollection{Esmark:2007,
  Title                    = {Document Analysis of Network Topography and Network Programmes},
  Author                   = {Esmark, Anders and Triantafillou, Peter},
  Booktitle                = {Methods in Democratic Network Governance},
  Publisher                = {Palgrave Macmillan},
  Year                     = {2007},

  Address                  = {Houndmills},
  Editor                   = {Bogason, Peter and Zolner, Mette},
  Pages                    = {99-124},

  Owner                    = {Oliver westerwinter},
  Timestamp                = {2013.03.20}
}

@Article{Farrell:2003,
  Title                    = {Formal and Informal Institutions Under Codecision: Continuous Constitution-Building in Europe},
  Author                   = {Farrell, Henry and Adrienne Heritier},
  Journal                  = {Governance},
  Year                     = {2003},
  Pages                    = {577-600},
  Volume                   = {16}
}

@Article{Fearon:1998,
  Title                    = {Bargaining, Enforcement, and International Cooperation},
  Author                   = {Fearon, James D.},
  Journal                  = {International Organization},
  Year                     = {1998},
  Pages                    = {269-305},
  Volume                   = {52}
}

@Article{Fearon:1995,
  Title                    = {Rationalist Explanations for War},
  Author                   = {James D. Fearon},
  Journal                  = {International Organization},
  Year                     = {1995},
  Number                   = {3},
  Pages                    = {379-414},
  Volume                   = {49}
}

@Article{Fearon:1994,
  Title                    = {Domestic political audiences and the escalation of international disputes},
  Author                   = {Fearon, James D.},
  Journal                  = {American Political Science Review},
  Year                     = {1994},
  Pages                    = {577-592},
  Volume                   = {88}
}

@InCollection{Fearon:2008,
  Title                    = {Integrating Qualitative and Quantitative Methods},
  Author                   = {Fearon, James, D. and Laitin, David D.},
  Booktitle                = {The Oxford Handbook of Political Methodology},
  Publisher                = {Oxford University Press},
  Year                     = {2008},

  Address                  = {Oxford},
  Editor                   = {Box-Steffensmeier, Janet M. and Brady, Henry E. and Collier, David},
  Pages                    = {756-776},

  Owner                    = {Oliver westerwinter},
  Timestamp                = {2013.03.20}
}

@Unpublished{Finnemore:2012,
  Title                    = {Puzzles about Power},
  Author                   = {Finnemore, Martha and Goldstein, Judith},
  Note                     = {Manuscript},
  Year                     = {2012},

  Owner                    = {Oliver},
  Timestamp                = {2013.03.08}
}

@Article{Fioretos:2011,
  Title                    = {Historical Institutionalism in International Relations},
  Author                   = {Fioretos, Orfeo},
  Journal                  = {International Organization},
  Year                     = {2011},
  Pages                    = {367-399},
  Volume                   = {65},

  Owner                    = {Oliver westerwinter},
  Timestamp                = {2013.03.27}
}

@Article{Florini:1997,
  Title                    = {A New Role for Transparency},
  Author                   = {Florini, Ann M.},
  Journal                  = {Contemporary Security Policy},
  Year                     = {1997},
  Pages                    = {51-72},
  Volume                   = {18},

  Owner                    = {Oliver},
  Timestamp                = {2013.08.08}
}

@Article{Fowler:2011,
  Title                    = {Causality in Political Networks},
  Author                   = {Fowler, James H. and Michael T. Heaney and David W. Nickerson and John F. Padgett and Betsy Sinclair},
  Journal                  = {American Politics Research},
  Year                     = {2011},
  Pages                    = {437-480},
  Volume                   = {39},

  Owner                    = {Oliver},
  Timestamp                = {2012.09.12}
}

@InCollection{Freeman:2002,
  Title                    = {The Voluntary Principles on Security and Human Rights},
  Author                   = {Freeman, Bennett},
  Booktitle                = {Case Studies of Multistakeholder Partnerships},
  Publisher                = {United Nations Global Compact},
  Year                     = {2002},
  Editor                   = {Haufler, Virginia},
  Pages                    = {7-14},

  Owner                    = {Oliver westerwinter},
  Timestamp                = {2013.03.21}
}

@Article{Freeman:1978,
  Title                    = {Centrality in Social Networks. Conceptual Clarification},
  Author                   = {Freeman, Linton C.},
  Journal                  = {Social Networks},
  Year                     = {1978},
  Pages                    = {215-239},
  Volume                   = {1}
}

@Article{Freeman:1991,
  Title                    = {Centrality in Valued Graphs: A Measure for BetwBetween Based on Network Flow},
  Author                   = {Freeman, Linton C. and Borgatti, Stephen P. and White, Douglas R.},
  Journal                  = {Social Networks},
  Year                     = {1991},
  Pages                    = {141-154},
  Volume                   = {13},

  Owner                    = {Oliver westerwinter},
  Timestamp                = {2013.03.20}
}

@InCollection{Frieden:1999,
  Title                    = {Actors and Preferences in International Relations},
  Author                   = {Frieden, Jeffry A.},
  Booktitle                = {Strategic Choice and International Relations},
  Publisher                = {Princeton University Press},
  Year                     = {1999},

  Address                  = {Princeton},
  Editor                   = {Lake, David A. and Powell, Robert},
  Pages                    = {39-76}
}

@Article{Fuchs:2010,
  Title                    = {The Causes and Consequences of Private Food Governance},
  Author                   = {Fuchs, Doris and Kalafagianni, Agni},
  Journal                  = {Business and Politics},
  Year                     = {2010},
  Pages                    = {1-34},
  Volume                   = {12},

  Owner                    = {Oliver westerwinter},
  Timestamp                = {2013.03.21}
}

@Article{Garrett:1992,
  Title                    = {International Cooperation and Institutional Choice: The European Community's Internal Market},
  Author                   = {Garrett, Geoffrey},
  Journal                  = {International Organization},
  Year                     = {1992},
  Number                   = {2},
  Pages                    = {533-560},
  Volume                   = {46},

  Owner                    = {Oliver},
  Timestamp                = {2012.10.07}
}

@InCollection{Gartzke:2003,
  Title                    = {The Classical Liberals Were Just Lucky: A Few Thoughts about Interdependence and Peace},
  Author                   = {Gartzke, Erik},
  Booktitle                = {Economic Interdependence and International Conflict. New Perspectives on an Enduring Debate},
  Publisher                = {University of Michigan Press},
  Year                     = {2003},

  Address                  = {Ann Arbor},
  Editor                   = {Mansfield, Edward D. and Pollins, Brian M.},
  Pages                    = {96-110},

  Owner                    = {OWesterwinter},
  Timestamp                = {2015.04.09}
}

@Article{Gartzke:2007,
  Title                    = {The capitalist peace},
  Author                   = {Gartzke, Erik},
  Journal                  = {American Journal of Political Science},
  Year                     = {2007},
  Number                   = {1},
  Pages                    = {166-191},
  Volume                   = {51},

  Owner                    = {OWesterwinter},
  Timestamp                = {2015.04.09}
}

@Article{Gartzke:2000,
  Title                    = {Preferences and the Democratic Peace},
  Author                   = {Gartzke, Erik},
  Journal                  = {International Studies Quarterly},
  Year                     = {2000},
  Pages                    = {191-210},
  Volume                   = {44},

  Owner                    = {OWesterwinter},
  Timestamp                = {2014.08.24}
}

@Article{Garzke:2000,
  Title                    = {Preferences and the Democratic Peace},
  Author                   = {Gartzke, Erik},
  Journal                  = {International Studies Quarterly},
  Year                     = {2000},
  Number                   = {2},
  Pages                    = {191-210},
  Volume                   = {44},

  Owner                    = {Oliver},
  Timestamp                = {2015.01.09}
}

@Article{Gartzke:1998,
  Title                    = {Kant We All Just Get Along?: Motive, Opportunity, and the Origins of the Democratic Peace},
  Author                   = {Gartzke, Erik},
  Journal                  = {American Journal of Political Science},
  Year                     = {1998},
  Number                   = {1},
  Pages                    = {1-27},
  Volume                   = {42},

  Owner                    = {Oliver},
  Timestamp                = {2015.01.09}
}

@Unpublished{Gartzke:2008,
  Title                    = {The Ties that Bias. Specifying and Operationalizing Components of Dyadic Dependence in International Conflict},
  Author                   = {Gartzke, Erik and Gleditsch, Kristian Skrede},
  Note                     = {Manuscript},
  Year                     = {2008},

  Owner                    = {Oliver},
  Timestamp                = {2013.01.13}
}

@Article{Gartzke:2001,
  Title                    = {Investing in the Peace: Economic Interdependence and International Conflict},
  Author                   = {Gartzke, Erik and Li, Quan and Boehmer, Charles},
  Journal                  = {International Organization},
  Year                     = {2001},
  Number                   = {2},
  Pages                    = {391-438},
  Volume                   = {55},

  Owner                    = {Oliver},
  Timestamp                = {2013.01.14}
}

@Article{Gartzke:2013,
  Title                    = {Permanent Friends? Dynamic Differences and the Democratic Peace},
  Author                   = {Gartzke, Erik and Alex Weisiger},
  Journal                  = {International Studies Quarterly},
  Year                     = {2013},
  Number                   = {1},
  Pages                    = {171-185},
  Volume                   = {57},

  Owner                    = {OWesterwinter},
  Timestamp                = {2016.02.07}
}

@Article{Gasiorowski:1986,
  Title                    = {Economic Interdependence and International Conflict: Some Cross-National Evidence},
  Author                   = {Gasiorowski, Mark J.},
  Journal                  = {International Studies Quarterly},
  Year                     = {1986},
  Number                   = {1},
  Pages                    = {23-38},
  Volume                   = {30},

  Owner                    = {OWesterwinter},
  Timestamp                = {2015.04.09}
}

@Article{Geddes:1990,
  Title                    = {How the Case You Choose Affect the Answers You Get},
  Author                   = {Geddes, Barbara},
  Journal                  = {Political Analysis},
  Year                     = {1990},
  Pages                    = {131-150},
  Volume                   = {2},

  Owner                    = {Oliver westerwinter},
  Timestamp                = {2013.03.21}
}

@Book{George:2005,
  Title                    = {Case Studies and Theory Development in the Social Sciences},
  Author                   = {George, Alexander L. and Bennett, Andrew},
  Publisher                = {MIT Press},
  Year                     = {2005},

  Address                  = {Cambridge},

  Owner                    = {Oliver westerwinter},
  Timestamp                = {2013.03.20}
}

@InCollection{Gerber:2011,
  Title                    = {Field Experiments in Political Science},
  Author                   = {Gerber, Alan S.},
  Booktitle                = {Cambridge Handbook of Experimental Political Science},
  Publisher                = {Cambridge University Press},
  Year                     = {2011},

  Address                  = {New York},
  Editor                   = {Druckman, James N. and Green, Donald P. and Kuklinski, James H. and Lupi, Arthur},
  Pages                    = {115-138}
}

@InCollection{Gerber:2004,
  Title                    = {The Illusion of Learning from Observational Research},
  Author                   = {Gerber, Alan S. and Green, Donald P. and Kaplan, Edward H.},
  Booktitle                = {Problems and Methods in the Study of Politics},
  Publisher                = {Cambridge University Press},
  Year                     = {2004},

  Address                  = {Cambridge},
  Editor                   = {Shapiro, Ian and Smith, Rogers M. and Masoud, Tarek E.},
  Pages                    = {251-273}
}

@Book{Gibler:2009,
  Title                    = {International Military Alliances, 1648-2008},
  Author                   = {Gibler, Douglas M.},
  Publisher                = {CQ Press},
  Year                     = {2009},

  Owner                    = {Oliver},
  Timestamp                = {2015.01.09}
}

@Article{Gleditsch:2002,
  Title                    = {Expanded trade and GDP data},
  Author                   = {Gleditsch, Kristian S.},
  Journal                  = {Journal of Conflict Resolution},
  Year                     = {2002},
  Number                   = {5},
  Pages                    = {712-724},
  Volume                   = {46},

  Owner                    = {OWesterwinter},
  Timestamp                = {2014.08.24}
}

@TechReport{Global:2006,
  Title                    = {Broken Vows. The Diamond Industry's Failure to Deliver on Combating Blood Diamonds},
  Author                   = {{Global Witness}},
  Institution              = {Global Witness},
  Year                     = {2006},

  Owner                    = {Oliver westerwinter},
  Timestamp                = {2013.03.22}
}

@TechReport{Global:1998,
  Title                    = {A Rough Trade: The Role of Diamond Companies and Governments in the Angolan Conflict},
  Author                   = {{Global Witness}},
  Institution              = {Global Witness},
  Year                     = {1998},

  Owner                    = {Oliver westerwinter},
  Timestamp                = {2013.03.21}
}

@TechReport{Global:2004,
  Title                    = {Rich Man, Poor Man. Development Diamonds and Poverty Diamonds: The Potential for Change in the Artisanal Alluvial Diamond Field of Africa},
  Author                   = {{Global Witness} and {Partnership Africa Canada}},
  Institution              = {Global Witness and Partnership Africa Canada},
  Year                     = {2004},

  Owner                    = {Oliver},
  Timestamp                = {2013.07.31}
}

@Article{Gochman:1984,
  Title                    = {Militarized Interstate DDispute, 1816-1976. Procedure, Patterns, and Insights},
  Author                   = {Gochman, Charles S and Maoz, Zeev},
  Journal                  = {Journal of Conflict Resolution},
  Year                     = {1984},
  Pages                    = {585-615},
  Volume                   = {28},

  Owner                    = {OWesterwinter},
  Timestamp                = {2014.08.26}
}

@Article{Goddard:2009,
  Title                    = {Brokering Change: Networks and Entrepreneurs in International Politics},
  Author                   = {Goddard, Stacie},
  Journal                  = {International Theory},
  Year                     = {2009},
  Pages                    = {249-281},
  Volume                   = {1}
}

@Article{Goddard:2012,
  Title                    = {Brokering Peace: Networks, Legitimacy, and the Northern Ireland Peace Process},
  Author                   = {Goddard, Stacie E.},
  Journal                  = {International Studies Quarterly},
  Year                     = {2012},
  Pages                    = {501-515},
  Volume                   = {56},

  Owner                    = {Oliver},
  Timestamp                = {2013.03.17}
}

@Article{Mahoney:2005,
  Title                    = {Two-Level Theories and Fuzzy-Set Analysis},
  Author                   = {Goertz, Gary and Mahoney, James},
  Journal                  = {Sociological Methods and Research},
  Year                     = {2005},
  Pages                    = {497-538},
  Volume                   = {33},

  Owner                    = {Oliver westerwinter},
  Timestamp                = {2013.03.20}
}

@Article{Goldstein:2000,
  Title                    = {Introduction: Legalization of World Politics},
  Author                   = {Goldstein, Judith and Miles Kahler and Robert O. Keohane and Anne-Marie Slaughter},
  Journal                  = {International Organization},
  Year                     = {2000},
  Pages                    = {385-399},
  Volume                   = {54},

  Owner                    = {Oliver},
  Timestamp                = {2013.08.07}
}

@Article{Goldstein:1992,
  Title                    = {A Conflict-Cooperation Scale for WEIS Events Data},
  Author                   = {Goldstein, Joshua S.},
  Journal                  = {Journal of Conflict Resolution},
  Year                     = {1992},
  Number                   = {2},
  Pages                    = {369-385},
  Volume                   = {36},

  Owner                    = {Oliver},
  Timestamp                = {2015.01.09}
}

@Unpublished{Goreux:2001,
  Title                    = {Conflict Diamonds},
  Author                   = {Goreux, Louis},
  Note                     = {African Region Working Paper Series No. 13. World Bank},
  Year                     = {2001},

  Owner                    = {Oliver},
  Timestamp                = {2013.02.26}
}

@Article{Gould:1989,
  Title                    = {Structures of Mediation: A Formal Approach to Brokerage in Transaction Networks},
  Author                   = {Gould, Roger V. and Fernandez, Robert M.},
  Journal                  = {Sociological Methodology},
  Year                     = {1989},
  Pages                    = {89-126},
  Volume                   = {19}
}

@InCollection{Gourevitch:1999,
  Title                    = {The Governance Problem in International Relations},
  Author                   = {Gourevitch, Peter Alexis},
  Booktitle                = {Strategic Choice and International Relations},
  Publisher                = {Princeton University Press},
  Year                     = {1999},

  Address                  = {Princeton},
  Editor                   = {Lake, David A. and Powell, Robert},
  Pages                    = {137-164}
}

@Unpublished{Grande:2011,
  Title                    = {Explaining Institutional Variety in Transnational Politics�Empirical Comparisons and Theoretical Considerations},
  Author                   = {Grande, Edgar and Konig, Markus and Pfister, Patrick and Sterzel, Paul},
  Note                     = {Paper presented at the ISA Annual Meeting. Montreal, Canada},
  Year                     = {2011}
}

@Article{Granovetter:1985,
  Title                    = {Economic Action and Social Structure: The Problem of Embeddedness},
  Author                   = {Granovetter, Mark S.},
  Journal                  = {American Journal of Sociology},
  Year                     = {1985},
  Pages                    = {481-510},
  Volume                   = {91},

  Owner                    = {OWesterwinter},
  Timestamp                = {2014.08.26}
}

@Article{Granovetter:1973,
  Title                    = {The Strength of Weak Ties},
  Author                   = {Granovetter, Mark S.},
  Journal                  = {American Journal of Sociology},
  Year                     = {1973},
  Pages                    = {1360-1380},
  Volume                   = {78}
}

@InCollection{Grant:2012,
  Title                    = {The Kimberley Process at ten: Reflections on a decade of efforts to end the trade in conflict diamonds},
  Author                   = {Grant, Andrew J.},
  Booktitle                = {High-Value Natural Resources and Peacebuilding},
  Publisher                = {Earthscan},
  Year                     = {2012},

  Address                  = {London},
  Editor                   = {Laujala, P. and S. A. Rustad},
  Pages                    = {159-179},

  Owner                    = {Oliver},
  Timestamp                = {2013.08.07}
}

@Article{Grant:2004,
  Title                    = {Global Governance and Conflict Diamonds: The Kimberley Process and the Quest for Clean Gems},
  Author                   = {Grant, Andrew J. and Taylor, Ian},
  Journal                  = {The Round Table},
  Year                     = {2004},
  Pages                    = {385-401},
  Volume                   = {93}
}

@Unpublished{Greene:1994,
  Title                    = {Accounting for Excess Zeros and Sample Selection in Poisson and Negative Binomial Regression Models},
  Author                   = {Greene, William H.},
  Note                     = {Manuscript: New York University},
  Year                     = {1994},

  Owner                    = {OWesterwinter},
  Timestamp                = {2015.04.07}
}

@Book{Grieco:1990,
  Title                    = {Cooperation Among Nations: Europe, America, and Non-Tariff Barriers to Trade},
  Author                   = {Grieco, Joseph M.},
  Publisher                = {Cornell University Press},
  Year                     = {1990},

  Address                  = {Ithaca},

  Owner                    = {Oliver},
  Timestamp                = {2015.04.10}
}

@Article{Grieco:1988,
  Title                    = {Anarchy and the Limits of Cooperation: A Realist Critique of the Newest Liberal Institutionalism},
  Author                   = {Grieco, Joseph M.},
  Journal                  = {International Organization},
  Year                     = {1988},
  Number                   = {3},
  Pages                    = {485-507},
  Volume                   = {42},

  Owner                    = {OWesterwinter},
  Timestamp                = {2015.04.09}
}

@Book{Gruber:2000,
  Title                    = {Ruling the World},
  Author                   = {Gruber, Lloyd},
  Publisher                = {Princeton University Press},
  Year                     = {2000},

  Address                  = {Princeton},

  Owner                    = {Oliver},
  Timestamp                = {2012.10.07}
}

@TechReport{Gurr:1989,
  Title                    = {Polity II: Political Structures and Regime Change},
  Author                   = {Gurr, Tedd Robert, Jaggers, Keith and Moore, Will H.},
  Institution              = {University of Maryland},
  Year                     = {1989},
  Note                     = {Codebook},

  Owner                    = {Oliver},
  Timestamp                = {2015.01.09}
}

@Article{Guzman:2005,
  Title                    = {The Design of International Agreements},
  Author                   = {Guzman, Andrew T.},
  Journal                  = {European Journal of International Law},
  Year                     = {2005},
  Pages                    = {579-612},
  Volume                   = {16},

  Owner                    = {Oliver westerwinter},
  Timestamp                = {2013.03.27}
}

@Book{Haas:1990,
  Title                    = {When Knowledge is Power. Three Models of Change in International Organizations},
  Author                   = {Haas, Ernst B.},
  Publisher                = {University of California Press},
  Year                     = {1990},

  Address                  = {Berkeley},

  Owner                    = {Oliver westerwinter},
  Timestamp                = {2013.04.08}
}

@Article{Haas:1992,
  Title                    = {Introduction: Epistemic Communities and International Policy Coordination},
  Author                   = {Haas, Peter M.},
  Journal                  = {International Organization},
  Year                     = {1992},
  Pages                    = {1-35},
  Volume                   = {46},

  Owner                    = {Oliver westerwinter},
  Timestamp                = {2013.03.24}
}

@Article{Haege:2011,
  Title                    = {Choice or Circumstance? Adjusting Measures of Foreign Policy Similarity for Chance Agreement},
  Author                   = {Haege, Frank M.},
  Journal                  = {Political Analysis},
  Year                     = {2011},
  Number                   = {3},
  Pages                    = {287-305},
  Volume                   = {19},

  Owner                    = {OWesterwinter},
  Timestamp                = {2015.12.12}
}

@Article{Hafner:2009,
  Title                    = {Network Analysis for International Relations},
  Author                   = {Hafner-Burton, Emilie M. and Kahler, Miles and Montgomery, Alexander H.},
  Journal                  = {International Organization},
  Year                     = {2009},
  Pages                    = {559-592},
  Volume                   = {63}
}

@Unpublished{Hafner:2010,
  Title                    = {Centrality in Politics: How Networks Confer Influence},
  Author                   = {Hafner-Burton, Emilie M. and Montgomery, Alexander H.},
  Note                     = {Paper presented at the 3rd Annual Political Networks Conference, Duke University, NC.},
  Year                     = {2010},

  Owner                    = {Oliver},
  Timestamp                = {2012.11.04}
}

@Article{Hafner:2008,
  Title                    = {Power or Plenty. How Do International Trade Institutions Affect Economic Sanctions?},
  Author                   = {Hafner-Burton, Emilie M. and Montgomery, Alexander H.},
  Journal                  = {Journal of Conflict Resolution},
  Year                     = {2008},
  Pages                    = {213-242},
  Volume                   = {52},

  Owner                    = {Oliver westerwinter},
  Timestamp                = {2013.03.20}
}

@Article{Hafner:2006,
  Title                    = {Power Positions. International Organizations, Social Networks, and Conflict},
  Author                   = {Hafner-Burton, Emilie M. and Montgomery, Alexander H.},
  Journal                  = {Journal of Conflict Resolution},
  Year                     = {2006},
  Number                   = {1},
  Pages                    = {3-27},
  Volume                   = {50},

  Owner                    = {Oliver westerwinter},
  Timestamp                = {2013.03.20}
}

@Article{Haggard:1987,
  Title                    = {Theories of International Regimes},
  Author                   = {Haggard, Stephan and Simmons, Beth A.},
  Journal                  = {International Organization},
  Year                     = {1987},
  Pages                    = {491-517},
  Volume                   = {41}
}

@InCollection{Hale:2011,
  Title                    = {United Nations Global Compact},
  Author                   = {Hale, Thomas},
  Booktitle                = {Handbook of Transnational Governance. Institutions and Innovations},
  Publisher                = {Polity Press},
  Year                     = {2011},

  Address                  = {Cambridge},
  Editor                   = {Hale, Thomas and Held, David},
  Pages                    = {350-356},

  Owner                    = {Oliver},
  Timestamp                = {2012.10.14}
}

@Unpublished{Hall:1996,
  Title                    = {Political Science and the Three New Institutionalisms},
  Author                   = {Hall, Peter A. and Taylor, Rosemary C. R.},
  Note                     = {MPIFG Discussion Paper 96/6},
  Year                     = {1996},

  Owner                    = {Oliver westerwinter},
  Timestamp                = {2013.03.27}
}

@Book{Hall:2002,
  Title                    = {The Emergence of Private Authority in Global Governance},
  Author                   = {Hall, Rodney Bruce and Biersteker, Thomas J.},
  Publisher                = {Cambridge University Press},
  Year                     = {2002},

  Address                  = {Cambridge},

  Owner                    = {Oliver},
  Timestamp                = {2012.10.07}
}

@Article{Hanneke:2010,
  Title                    = {Discrete Temporal Models for Social Networks},
  Author                   = {Hanneke, Steve and Fu, Wenjie and Xing, Eric D.},
  Journal                  = {Electronic Journal of Statistics},
  Year                     = {2010},
  Pages                    = {585-605},
  Volume                   = {4},

  Owner                    = {Oliver},
  Timestamp                = {2013.01.13}
}

@Unpublished{Hansen:2009,
  Title                    = {Governing the Extractive Industries: The Extractive Industries Transparency Initiative and the Voluntary Principles on Security and Human Rights},
  Author                   = {Hansen, Thomas H.},
  Note                     = {Manuscript},
  Year                     = {2009},

  Owner                    = {Oliver},
  Timestamp                = {2012.10.14}
}

@Article{Harrison:2004,
  Title                    = {Field Experiments},
  Author                   = {Harrison, Glenn W. and List, John A.},
  Journal                  = {Journal of Economic Literature},
  Year                     = {2004},
  Pages                    = {1009-1055},
  Volume                   = {42}
}

@Article{Harsanyi:1962,
  Title                    = {Bargaining in Ignorance of the Opponent's Utility Function},
  Author                   = {Harsanyi, John C.},
  Journal                  = {Journal of Conflict Resolution},
  Year                     = {1962},
  Number                   = {1},
  Pages                    = {29-38},
  Volume                   = {6},

  Owner                    = {Oliver},
  Timestamp                = {2012.10.07}
}

@InCollection{Haufler:2003,
  Title                    = {Globalization and Industry Self-Regulation},
  Author                   = {Haufler, Virginia},
  Booktitle                = {Governance in a Global Economy. Political Authority in Transition},
  Publisher                = {Princeton University Press},
  Year                     = {2003},

  Address                  = {Princeton},
  Editor                   = {Kahler, Miles and Lake, David A.},
  Pages                    = {226-252}
}

@InCollection{Haufler:2009,
  Title                    = {The Kimberley Process, Club Goods, and Public Enforcement of a Private Regime},
  Author                   = {Haufler, Virginia},
  Booktitle                = {Voluntary Programs. A Club Theory Perspective},
  Publisher                = {MIT Press},
  Year                     = {2009},

  Address                  = {Cambridge},
  Editor                   = {Potoski, Matthew and Prakash, Aseem},
  Pages                    = {89-105},

  Owner                    = {Oliver westerwinter},
  Timestamp                = {2013.03.21}
}

@Unpublished{Haufler:2013,
  Title                    = {Corporations, Governance Networks, and Conflict in the Developing World},
  Author                   = {Haufler, Virginia},
  Note                     = {Paper presented at the workshop ``The New Power Politics: Networks, Governance, and Global Security''. University of Denver, March 1-2.},
  Year                     = {2013},

  Owner                    = {Oliver},
  Timestamp                = {2013.02.26}
}

@Article{Haufler:2010,
  Title                    = {The Kimberley Process Certification Scheme: An Innovation in Global Governance and Conflict Prevention},
  Author                   = {Haufler, Virginia},
  Journal                  = {Journal of Business Ethics},
  Year                     = {2010},
  Pages                    = {403-416},
  Volume                   = {89}
}

@Unpublished{Haufler:2007,
  Title                    = {The Kimberley Process, Club Goods, and Public Enforcement of a Private Regime},
  Author                   = {Haufler, Virginia},
  Note                     = {Paper presented at a workshop on Voluntary Programs: A Club Theory Perspective, University of Washington},
  Year                     = {2007},

  Owner                    = {Oliver westerwinter},
  Timestamp                = {2013.03.22}
}

@InCollection{Hawkins:2006,
  Title                    = {Delegation under anarchy: states, international organizations, and principal-agent thoery},
  Author                   = {Hawkins, Darren G. and Lake, David A. and Nielson, Daniel L. and Tierney, Michael J.},
  Booktitle                = {Delegation and Agency in International Organizations},
  Publisher                = {Cambridge University Press},
  Year                     = {2006},

  Address                  = {Cambridge},
  Editor                   = {Hawkins, Darren G. and Lake, David A. and Nielson, Daniel L. and Tierney, Michael J.},
  Pages                    = {3-38}
}

@Article{Heagerty:2002,
  Title                    = {Windows of Opportunity: Window Subseries Empirical Variance Estimators in International Relations},
  Author                   = {Heagerty, Patrick and Ward, Michael D. and Gleditsch, Kristian S.},
  Journal                  = {Political Analysis},
  Year                     = {2002},
  Pages                    = {304-317},
  Volume                   = {10},

  Owner                    = {Oliver},
  Timestamp                = {2013.01.13}
}

@Article{Hegre:2000,
  Title                    = {Development and the Liberal Peace: What Does it Take to be a Trading State},
  Author                   = {Hegre, Havard},
  Journal                  = {Journal of Peace Research},
  Year                     = {2000},
  Number                   = {1},
  Pages                    = {5-30},
  Volume                   = {37},

  Owner                    = {OWesterwinter},
  Timestamp                = {2015.12.20}
}

@Article{Hegre:2010,
  Title                    = {Trade does promote peace: New simultaneous estimates of the reciprocal effects of trade and conflict},
  Author                   = {Hegre, Havard and Oneal, John R. and Russett, Bruce},
  Journal                  = {Journal of Peace Research},
  Year                     = {2010},
  Number                   = {6},
  Pages                    = {763-774},
  Volume                   = {47},

  Owner                    = {OWesterwinter},
  Timestamp                = {2015.12.21}
}

@Article{Helmke:2004,
  Title                    = {Informal Institutions and Comparative Politics: A Research Agenda},
  Author                   = {Helmke, Gretchen and Levitsky, Steven},
  Journal                  = {Perspectives on Politics},
  Year                     = {2004},
  Pages                    = {725-740},
  Volume                   = {2}
}

@Book{Hirschman:1945,
  Title                    = {National Power and the Structure of Foreign Trade},
  Author                   = {Hirschman, Albert O.},
  Publisher                = {University of California Press},
  Year                     = {1945},

  Address                  = {Berkeley},

  Owner                    = {OWesterwinter},
  Timestamp                = {2015.04.09}
}

@Article{Hoff:2004,
  Title                    = {Modeling Dependencies in International Relations Networks},
  Author                   = {Hoff, Peter D. and Ward, Michael D.},
  Journal                  = {Political Analysis},
  Year                     = {2004},
  Pages                    = {160-175},
  Volume                   = {12},

  Owner                    = {Oliver},
  Timestamp                = {2012.06.11}
}

@InCollection{Hollstein:2011,
  Title                    = {Qualitative Approaches},
  Author                   = {Hollstein, Betina},
  Booktitle                = {The Sage Handbook of Social Network Analysis},
  Publisher                = {Sage Publications},
  Year                     = {2011},

  Address                  = {London},
  Editor                   = {Scott, John and Carrington, Peter J.},
  Pages                    = {404-416},

  Owner                    = {Oliver westerwinter},
  Timestamp                = {2013.03.20}
}

@Article{Houweling:1988,
  Title                    = {Power Transitions as a Cause of War},
  Author                   = {Houweling, Henk and Siccama, Jan G.},
  Journal                  = {Journal of Conflict Resolution},
  Year                     = {1988},
  Pages                    = {87-102},
  Volume                   = {32},

  Owner                    = {Oliver},
  Timestamp                = {2013.03.14}
}

@Article{Hubert:1976,
  Title                    = {Quadratic Assignment as a General Data Analysis Strategy},
  Author                   = {Hubert, Lawrence and Schultz, James},
  Journal                  = {British Journal of Mathematical and Statistical Psychology},
  Year                     = {1976},
  Pages                    = {190-241},
  Volume                   = {29},

  Owner                    = {Oliver westerwinter},
  Timestamp                = {2013.05.13}
}

@TechReport{HRF:2010,
  Title                    = {State of Affairs: Three Years After Nisoor Square. Accountability and Oversight of U.S. Private Security and Other Contractors},
  Author                   = {{Human Rights First}},
  Institution              = {Human Rights First},
  Year                     = {2010},

  Address                  = {Washington, DC},

  Owner                    = {Oliver westerwinter},
  Timestamp                = {2013.04.12}
}

@Article{Huth:1992,
  Title                    = {System Uncertainty, Risk Propensity, and International Conflict Among the Great Powers},
  Author                   = {Huth, Paul and Bennett, Scott D. and Gelpi, Christopher},
  Journal                  = {Journal of Conflict Resolution},
  Year                     = {1992},
  Pages                    = {478-517},
  Volume                   = {36},

  Owner                    = {Oliver},
  Timestamp                = {2013.03.17}
}

@Article{Ikle:1962,
  Title                    = {Political Negotiation as a Process of Modifying Utilities},
  Author                   = {Ikle, Fred Charles and Leites, Nathan},
  Journal                  = {Journal of Conflict Resolution},
  Year                     = {1962},
  Number                   = {1},
  Pages                    = {19-28},
  Volume                   = {6},

  Owner                    = {Oliver},
  Timestamp                = {2012.10.10}
}

@Article{Ingram:2005,
  Title                    = {The Intergovernmental Network of World Trade: IGO ConnConnected, Governance, and Embeddedness},
  Author                   = {Ingram, Paul and Robinson, Jeffrey and Busch, Marc L.},
  Journal                  = {American Journal of Sociology},
  Year                     = {2005},
  Pages                    = {824-858},
  Volume                   = {111},

  Owner                    = {Oliver westerwinter},
  Timestamp                = {2013.03.20}
}

@TechReport{ICRC:2009,
  Title                    = {The Montreux Document on pertinent international legal obligations and good practices for States related to operations of private military and security companies during armed conflict},
  Author                   = {{International Committee of the Red Cross}},
  Institution              = {International Committee of the Red Cross},
  Year                     = {2009},

  Address                  = {Geneva},

  Owner                    = {Oliver westerwinter},
  Timestamp                = {2013.04.14}
}

@Article{Jaggers:1995,
  Title                    = {Transitions to Democracy: Tracking Democracy's `Third Wave' with the Politiy III Data},
  Author                   = {Jaggers, Keith and Ted R. Gurr},
  Journal                  = {Journal of Peace Research},
  Year                     = {1995},
  Number                   = {2},
  Pages                    = {167-214},
  Volume                   = {32},

  Owner                    = {OWesterwinter},
  Timestamp                = {2016.02.07}
}

@Article{Jeffrey:2001,
  Title                    = {Lines of Power in Exchange Networks},
  Author                   = {Jeffrey, Lucas W. and C. Wesley Younts and Michael J. Lovaglia and Barry Markovsky},
  Journal                  = {Socia Forces},
  Year                     = {2001},
  Pages                    = {185-214},
  Volume                   = {80},

  Owner                    = {Oliver},
  Timestamp                = {2012.09.09}
}

@Unpublished{Jenkins:2008a,
  Title                    = {The UN Peacebuilding Commission and the Dissemination of International Norms},
  Author                   = {Jenkins, Rob},
  Note                     = {Crisis States Working Paper Series No. 2},

  Month                    = {June},
  Year                     = {2008},

  Owner                    = {Oliver},
  Timestamp                = {2012.11.04}
}

@Article{Jenkins:2008b,
  Title                    = {Organizational Change and Institutional Survival: The Case of the UN Peacebuilding Commission},
  Author                   = {Jenkins, Rob},
  Journal                  = {Seton Hall Law Review},
  Year                     = {2008},
  Pages                    = {1327-1364},
  Volume                   = {38}
}

@Article{Jervis:1988,
  Title                    = {Realism, Game Theory, and Cooperation},
  Author                   = {Jervis, Robert},
  Journal                  = {World Politics},
  Year                     = {1988},
  Number                   = {3},
  Pages                    = {317-349},
  Volume                   = {40},

  Owner                    = {Oliver},
  Timestamp                = {2012.10.07}
}

@Book{Josselin:2001,
  Title                    = {Non-state Actors in World Politics},
  Author                   = {Josselin, Daphne and Wallace, William},
  Publisher                = {Palgrave},
  Year                     = {2001},

  Address                  = {Houndmills and New York},

  Owner                    = {Oliver},
  Timestamp                = {2012.10.07}
}

@Unpublished{Jupille:2006,
  Title                    = {The Choice of International Institutions: Cooperation, Alternatives, and Strategies},
  Author                   = {Jupille, Joseph and Snidal, Duncan},
  Note                     = {Manuscript},
  Year                     = {2006},

  Owner                    = {Oliver},
  Timestamp                = {2012.10.14}
}

@Article{Kadera:2004,
  Title                    = {Measuring National Power},
  Author                   = {Kadera, Kelly M. and Sorokin, Gerald L.},
  Journal                  = {International Interactions},
  Year                     = {2004},
  Pages                    = {211-230},
  Volume                   = {30}
}

@InCollection{Kahler:1999,
  Title                    = {Evolution, Choice, and International Change},
  Author                   = {Kahler, Miles},
  Booktitle                = {Strategic Choice and International Relations},
  Publisher                = {Princeton University Press},
  Year                     = {1999},

  Address                  = {Princeton},
  Editor                   = {Lake, David A. and Powell, Robert},
  Pages                    = {165-196},

  Owner                    = {Oliver westerwinter},
  Timestamp                = {2013.03.27}
}

@Book{Kahler:2009,
  Title                    = {Network Politics. Agency, Power, and Governance},
  Author                   = {Kahler, Miles},
  Publisher                = {Cornell University Press},
  Year                     = {2009},

  Address                  = {Ithaca and London},

  Owner                    = {Oliver},
  Timestamp                = {2013.08.07}
}

@InCollection{Kantz:2011,
  Title                    = {Kimberley Process},
  Author                   = {Kantz, Carola},
  Booktitle                = {Handbook of Transnational Governance. Institutions and Innovations},
  Publisher                = {Polity Press},
  Year                     = {2011},

  Address                  = {Malden},
  Editor                   = {Hale, Thomas and David Held},
  Pages                    = {302-308},

  Owner                    = {Oliver},
  Timestamp                = {2013.08.07}
}

@Unpublished{Kantz:2007a,
  Title                    = {Black Gold and Precious Stones. Explaining the Institutional Design of the Regulation of the Extractive Industries in Developing Countries},
  Author                   = {Kantz, Carola},
  Note                     = {Paper prepared for presentation at the 48th International Studies Association Annual Convention. Chicago, IL, February 28-March 3},
  Year                     = {2007},

  Owner                    = {Oliver westerwinter},
  Timestamp                = {2013.03.21}
}

@Article{Kantz:2007b,
  Title                    = {The Power of Socialization: Engaging the Diamond Industry in the Kimberley Process},
  Author                   = {Kantz, Carola},
  Journal                  = {Business and Politics},
  Year                     = {2007},
  Pages                    = {1-20},
  Volume                   = {9}
}

@InCollection{Katzenstein:1996,
  Title                    = {Introduction: Alternative PPerspective on National Security},
  Author                   = {Katzenstein, Peter J.},
  Booktitle                = {The Culture of National Security Security: Norms and Identity in World Politics},
  Publisher                = {Colum},
  Year                     = {1996},

  Address                  = {New York},
  Editor                   = {Katzenstein, Peter J.},
  Pages                    = {1-32},

  Owner                    = {Oliver},
  Timestamp                = {2013.08.07}
}

@InCollection{Kaul:2006,
  Title                    = {Exploring the Policy Space Between Markets and States. Global Public-Private Partnerships},
  Author                   = {Kaul, Inge},
  Booktitle                = {The New Public Finance: Responding to Global Challenges},
  Publisher                = {Oxford University Press},
  Year                     = {2006},

  Address                  = {Oxford},
  Editor                   = {Kaul, Inge and Conceicao, Pedro},
  Pages                    = {219-268}
}

@Book{Keck:1998,
  Title                    = {Activists beyond Borders. Advocacy Networks in International Politics},
  Author                   = {Keck, Margaret E. and Sikkink, Kathryn},
  Publisher                = {Cornell University Press},
  Year                     = {1998},

  Address                  = {Ithaca and London}
}

@Article{Kennan:1993,
  Title                    = {Bargaining with Private Information},
  Author                   = {Kennan, John and Wilson, Robert},
  Journal                  = {Journal of Economic Literature},
  Year                     = {1993},
  Pages                    = {45-104},
  Volume                   = {31},

  Owner                    = {Oliver},
  Timestamp                = {2013.03.17}
}

@Unpublished{Kenney:2013,
  Title                    = {From Scale-Free to Small-World: Network Structure, Collective Action and Power in a Dark Transnational Advocacy Network},
  Author                   = {Kenney, Michael and Coulthart, Stephen and Martin, Michael},
  Note                     = {Paper prepared for workshop on ``The New Power Politics: Networks, Governance, and Global Security''. Josef Korbel School of International Studies, February 28-March 2},
  Year                     = {2013},

  Owner                    = {Oliver westerwinter},
  Timestamp                = {2013.03.20}
}

@Book{Keohane:1989,
  Title                    = {International Institutions and State Power. Essays in International Relations Theory},
  Author                   = {Keohane, Robert O.},
  Publisher                = {Westview Press},
  Year                     = {1989},

  Address                  = {Boulder and London}
}

@Article{Keohane:1988,
  Title                    = {International Institutions: Two Approaches},
  Author                   = {Keohane, Robert O.},
  Journal                  = {International Studies Quarterly},
  Year                     = {1988},
  Pages                    = {379-396},
  Volume                   = {32},

  Owner                    = {Oliver westerwinter},
  Timestamp                = {2013.03.27}
}

@Book{Keohane:1984,
  Title                    = {After Hegemony. Cooperation and Discord in the World Political Economy},
  Author                   = {Keohane, Robert O.},
  Publisher                = {Princeton University Press},
  Year                     = {1984},

  Address                  = {Princeton}
}

@Book{Keohane:1977,
  Title                    = {Power and Interdependence. World Politics in Transition},
  Author                   = {Keohane, Robert O. and Joseph S. Nye},
  Publisher                = {Little, Brown and Company},
  Year                     = {1977},

  Address                  = {Boston and Toronto},

  Owner                    = {Oliver},
  Timestamp                = {2013.08.07}
}

@Article{Keohane:1971,
  Title                    = {Transnational Relations and World Politics: An Introduction},
  Author                   = {Keohane, R. O. and Nye, Joseph S.},
  Journal                  = {International Organization},
  Year                     = {1971},
  Number                   = {3},
  Pages                    = {329-349},
  Volume                   = {25},

  Owner                    = {Oliver},
  Timestamp                = {2012.10.07}
}

@Article{Kim:2012,
  Title                    = {Network Power and Militarized Conflicts},
  Author                   = {Kim, Hyung Min and Lee, Deokro and Feiock, Richard C.},
  Journal                  = {Armed Forces and Society},
  Year                     = {2012},
  Pages                    = {291-317},
  Volume                   = {38},

  Owner                    = {Oliver},
  Timestamp                = {2013.01.13}
}

@Article{King:1989,
  Title                    = {Event Count Models for International Relations: Generalizations and Applications},
  Author                   = {King, Gary},
  Journal                  = {International Studies Quarterly},
  Year                     = {1989},
  Number                   = {2},
  Pages                    = {123-147},
  Volume                   = {33},

  Owner                    = {Oliver},
  Timestamp                = {2015.01.12}
}

@Article{King:1988,
  Title                    = {Statistical Models for Political Science Event Counts: Bias in Conventional PProcedure and Evidence for the Exponential Poisson Regression Model},
  Author                   = {King, Gary},
  Journal                  = {American Journal of Political Science},
  Year                     = {1988},
  Number                   = {3},
  Pages                    = {838-863},
  Volume                   = {32},

  Owner                    = {OWesterwinter},
  Timestamp                = {2015.04.07}
}

@Book{King:1994,
  Title                    = {Design Social Inquiry: Scientific Inference in Qualitative Research},
  Author                   = {King, Gary and Keohane, Robert O. and Verba, Sidney},
  Publisher                = {Princeton University Press},
  Year                     = {1994},

  Address                  = {Princeton},

  Owner                    = {Oliver westerwinter},
  Timestamp                = {2013.03.21}
}

@Article{Kinne:2014,
  Title                    = {Dependent Diplomacy: Signaling, Strategy, and Prestige in the Diplomatic Network},
  Author                   = {Kinne, Brandon J},
  Journal                  = {International Studies Quarterly},
  Year                     = {2014},
  Number                   = {2},
  Pages                    = {247-259},
  Volume                   = {58},

  Owner                    = {OWesterwinter},
  Timestamp                = {2014.08.26}
}

@Article{Kinne:2014b,
  Title                    = {Does third-party trade reduce conflict? Credible signaling versus opportunity costs},
  Author                   = {Kinne, Brandon J.},
  Journal                  = {Conflict Management and Peace Science},
  Year                     = {2014},
  Number                   = {1},
  Pages                    = {28-48},
  Volume                   = {31},

  Owner                    = {OWesterwinter},
  Timestamp                = {2015.04.09}
}

@Article{Kinne:2013,
  Title                    = {Network Dynamics and the Evolution of International Cooperation},
  Author                   = {Kinne, Brandon J},
  Journal                  = {American Political Science Review},
  Year                     = {2013},
  Pages                    = {766-785},
  Volume                   = {107},

  Owner                    = {OWesterwinter},
  Timestamp                = {2014.08.26}
}

@Article{Kinne:2012,
  Title                    = {Multilateral trade and militarized conflict: Centrality, openness, and asymmetry in the global trade network},
  Author                   = {Kinne, Brandon J.},
  Journal                  = {Journal of Politics},
  Year                     = {2012},
  Number                   = {1},
  Pages                    = {308-322},
  Volume                   = {74},

  Owner                    = {OWesterwinter},
  Timestamp                = {2015.04.09}
}

@Unpublished{Kirchkamp:2001,
  Title                    = {Local and Group Interaction in Prisoners' Dilemma Experiments},
  Author                   = {Kirchkamp, Oliver and Nagel, Rosemarie},
  Note                     = {Manuscript},
  Year                     = {2001}
}

@InCollection{Kirton:2004,
  Title                    = {Introduction: Hard Choices and Soft Law in Sustainable Governance},
  Author                   = {Kirton, John J and Trebilcock, Michael J.},
  Booktitle                = {Hard Choices, Soft Law. Voluntary Standards in Global Trade, Environment and Social Governance},
  Publisher                = {Ashgate Publishing},
  Year                     = {2004},

  Address                  = {Aldershot},
  Editor                   = {Kirton, John J. and Trebilcock, Michael J.},

  Owner                    = {Oliver westerwinter},
  Timestamp                = {2013.03.27}
}

@Book{Knight:1992,
  Title                    = {Institutions and Social Conflict},
  Author                   = {Knight, Jack},
  Publisher                = {Cambridge University Press},
  Year                     = {1992},

  Address                  = {New York}
}

@Book{Knoke:1990,
  Title                    = {Political Networks. The Structural Perspective},
  Author                   = {Knoke, David},
  Publisher                = {Cabridge University Press},
  Year                     = {1990},

  Address                  = {Cambridge}
}

@Book{Knoke:1982,
  Title                    = {Network Analysis},
  Author                   = {Knoke, David and Kuklinski, James H.},
  Publisher                = {Sage},
  Year                     = {1982},

  Address                  = {Beverly Hills}
}

@Book{Knoke:2008,
  Title                    = {Social Network Analysis},
  Author                   = {Knoke, David and Song, Yang},
  Publisher                = {Sage Publications},
  Year                     = {2008},

  Address                  = {Los Angeles},
  Edition                  = {Second Edition},

  Owner                    = {Oliver westerwinter},
  Timestamp                = {2013.03.20}
}

@InCollection{Koechlin:2009,
  Title                    = {Standard setting at the cutting edge: an evidence-based typology for multi-stakeholder initiatives},
  Author                   = {Koechlin, Lucy and Richard Calland},
  Booktitle                = {Non-State Actors as Standard Setters},
  Publisher                = {Cambridge University Press},
  Year                     = {2009},

  Address                  = {Cambridge},
  Editor                   = {Peters, Anne and Lucy Koechlin and Till Forster and Gretta Fenner Zinkernagel},
  Pages                    = {84-112},

  Owner                    = {Oliver},
  Timestamp                = {2013.08.07}
}

@Article{Koremenos:2013,
  Title                    = {What's left out and why? Informal provisions in formal international law},
  Author                   = {Koremenos, Barbara},
  Journal                  = {Review of International Organization},
  Year                     = {2013},
  Pages                    = {137-162},
  Volume                   = {8},

  Owner                    = {Oliver},
  Timestamp                = {2013.08.07}
}

@Article{Koremenos:2001,
  Title                    = {The Rational Design of International Institutions},
  Author                   = {Koremenos, Barbara and Lipson, Charles and Snidal, Duncan},
  Journal                  = {International Organization},
  Year                     = {2001},
  Pages                    = {761-799},
  Volume                   = {55}
}

@Unpublished{Kosfeld:2003,
  Title                    = {Network Experiments},
  Author                   = {Kosfeld, Michael},
  Note                     = {Working Paper, University of Zurick},
  Year                     = {2003}
}

@Article{Krackhardt:1988,
  Title                    = {Predicting with Networks: Nonparametric Multiple Regression Analysis of Dyadic Data},
  Author                   = {Krackhardt, David},
  Journal                  = {Social Networks},
  Year                     = {1988},
  Pages                    = {359-381},
  Volume                   = {10},

  Owner                    = {Oliver westerwinter},
  Timestamp                = {2013.05.06}
}

@Article{Krackhardt:1987,
  Title                    = {QAP Partialling as a Test of Spuriousness},
  Author                   = {Krackhardt, David},
  Journal                  = {Social Networks},
  Year                     = {1987},
  Pages                    = {171-186},
  Volume                   = {9},

  Owner                    = {Oliver westerwinter},
  Timestamp                = {2013.05.06}
}

@Article{Krasner:1991,
  Title                    = {Global Communications and National Power: Life at the Pareto Frontier},
  Author                   = {Krasner, Stephen D.},
  Journal                  = {World Politics},
  Year                     = {1991},
  Pages                    = {336-366},
  Volume                   = {43}
}

@Book{Krasner:1978,
  Title                    = {Defending the National Interest},
  Author                   = {Krasner, Stephen D.},
  Publisher                = {Princeton University Press},
  Year                     = {1978},

  Address                  = {Princeton},

  Owner                    = {Oliver westerwinter},
  Timestamp                = {2013.03.27}
}

@Article{Krasner:1976,
  Title                    = {State Power and the Structure of International Trade},
  Author                   = {Krasner, Stephen D.},
  Journal                  = {World Politics},
  Year                     = {1976},
  Number                   = {3},
  Pages                    = {317-343},
  Volume                   = {28},

  Owner                    = {OWesterwinter},
  Timestamp                = {2015.04.09}
}

@Article{Kratochwil:1986,
  Title                    = {International Organization: A State of the Art on an Art of the State},
  Author                   = {Kratochwil, Friedrich and Ruggie, Gerard},
  Journal                  = {International Organization},
  Year                     = {1986},
  Pages                    = {753-775},
  Volume                   = {40},

  Owner                    = {Oliver westerwinter},
  Timestamp                = {2013.03.27}
}

@Book{Kugler:1996,
  Title                    = {Parity and War: Evaluations and Extension of the 'The War Ledger'},
  Author                   = {Kugler, Jacek and Lemke, Douglas},
  Publisher                = {University of Michigan Press},
  Year                     = {1996},

  Address                  = {Ann Arbor},

  Owner                    = {Oliver},
  Timestamp                = {2015.04.10}
}

@Article{Kuhn:1962,
  Title                    = {Game Theory and Models of Negotiation},
  Author                   = {Kuhn, Harold W.},
  Journal                  = {Journal of Conflict Resolution},
  Year                     = {1962},
  Number                   = {1},
  Pages                    = {1-4},
  Volume                   = {6},

  Owner                    = {Oliver},
  Timestamp                = {2012.10.10}
}

@Article{Kydd:2003,
  Title                    = {Which Side Are You On? Bias, Credibility, and Mediation},
  Author                   = {Kydd, Andrew},
  Journal                  = {American Journal of Political Science},
  Year                     = {2003},
  Pages                    = {597-611},
  Volume                   = {47}
}

@Article{Kydd:2006,
  Title                    = {When Can Mediators Build Trust?},
  Author                   = {Kydd, Andrew H.},
  Journal                  = {American Political Science Review},
  Year                     = {2006},
  Pages                    = {449-462},
  Volume                   = {100},

  Owner                    = {Oliver},
  Timestamp                = {2013.03.19}
}

@Book{Kydd:2005,
  Title                    = {Trust and Mistrust in International Relations},
  Author                   = {Kydd, Andrew H.},
  Publisher                = {Princeton University Press},
  Year                     = {2005},

  Address                  = {Princeton},

  Owner                    = {OWesterwinter},
  Timestamp                = {2014.08.26}
}

@Unpublished{Lake:2008,
  Title                    = {International Political Economy: A North American Perspective on an Emerging Interdiscipline},
  Author                   = {Lake, David A.},
  Note                     = {Manuscript},
  Year                     = {2008},

  Owner                    = {Oliver},
  Timestamp                = {2013.02.25}
}

@InCollection{Lake:1999,
  Title                    = {International Relations: A Strategic-Choice Approach},
  Author                   = {Lake, David A. and Powell, Robert},
  Booktitle                = {Strategic Choice and International Relations},
  Publisher                = {Princeton University Press},
  Year                     = {1999},

  Address                  = {Princeton},
  Editor                   = {Lake, David A. and Powell, Robert},
  Pages                    = {3-38}
}

@InCollection{Lake:2009,
  Title                    = {The Politics of Networks. Interests, Power, and Human Rights Norms},
  Author                   = {Lake, David A. and Wong, Wendy H.},
  Booktitle                = {Networked Politics. Agency, Power, and Governance},
  Publisher                = {Cornell University Press},
  Year                     = {2009},

  Address                  = {Ithaca and London},
  Editor                   = {Kahler, Miles},
  Pages                    = {127-150}
}

@Article{Lambert:1992,
  Title                    = {Zero-Inflated Poisson Regression, With an Application to Defects Manufacturing},
  Author                   = {Lambert, Diane},
  Journal                  = {Technometrics},
  Year                     = {1992},
  Number                   = {1},
  Pages                    = {1-14},
  Volume                   = {34},

  Owner                    = {OWesterwinter},
  Timestamp                = {2015.04.07}
}

@Article{Lazer:2011,
  Title                    = {Networks in Political Science: Back to the Future},
  Author                   = {Lazer, David},
  Journal                  = {PS: Political Science and Politics},
  Year                     = {2011},
  Pages                    = {61-68},
  Volume                   = {44},

  Owner                    = {Oliver westerwinter},
  Timestamp                = {2013.03.27}
}

@Article{Leeds:2002,
  Title                    = {Alliance Treaty Obligations and Provisions, 1815-1944},
  Author                   = {Leeds, Brett Ashley, Ritter, Jeffrey M., McLaughlin, Sara, Long, Adrew G.},
  Journal                  = {International Interactions},
  Year                     = {2002},
  Pages                    = {237-260},
  Volume                   = {28},

  Owner                    = {Oliver},
  Timestamp                = {2012.06.11}
}

@Unpublished{Legewie:2012,
  Title                    = {Terrorist Events and Attitudes towards Immigrants: A Natural Experiment},
  Author                   = {Legewie, Joscha},
  Note                     = {Manuscript},
  Year                     = {2012},

  Owner                    = {Oliver},
  Timestamp                = {2012.10.23}
}

@Article{lemke:1995,
  Title                    = {{T}he {T}yranny of {D}istance: {R}edefining {R}elevant {D}yads},
  Author                   = {Lemke, Douglas},
  Journal                  = {International Interactions},
  Year                     = {1995},
  Number                   = {1},
  Pages                    = {23--38},
  Volume                   = {21},

  Date-added               = {2009-02-13 17:42:08 -0800},
  Date-modified            = {2009-02-13 17:43:18 -0800}
}

@Article{lemkereed:2001,
  Title                    = {{T}he {R}elevance of {P}olitically {R}elevant {D}yads.},
  Author                   = {Douglas {Lemke} and William Reed},
  Journal                  = {Journal of Conflict Resolution},
  Year                     = {2001},
  Number                   = {1},
  Pages                    = {126--144},
  Volume                   = {45}
}

@Book{Lenin:1975,
  Title                    = {Imperialism, the Highest Stage of Capitalism},
  Author                   = {Lenin, Vladimir},
  Publisher                = {Foreign Languages Press},
  Year                     = {1975},

  Address                  = {Beijing},

  Date-added               = {2006-04-22 14:06:48 -0400},
  Date-modified            = {2006-04-22 14:12:22 -0400},
  Owner                    = {OWesterwinter},
  Timestamp                = {2015.04.16}
}

@Article{Leventoglu:2007,
  Title                    = {The Armed Peace: A Punctuated Equilibrium Theory of War},
  Author                   = {Leventoglu, Bahar and Slantchev, Branislav L.},
  Journal                  = {American Journal of Political Science},
  Year                     = {2007},
  Pages                    = {755-771},
  Volume                   = {51},

  Owner                    = {Oliver},
  Timestamp                = {2013.03.14}
}

@Unpublished{Levitsky:2012,
  Title                    = {Ruling Politics: The Formal and Informal Foundations of Institutional Reform},
  Author                   = {Levitsky, Steven and Slater, Dan},
  Note                     = {Manuscript, Harvard University},
  Year                     = {2012}
}

@Article{LevyPrakash:2003,
  Title                    = {Bargains Old and New: Multinational Corporations in Global Governance},
  Author                   = {Levy, David L. and Prakash, Aseem},
  Journal                  = {Business and Politics},
  Year                     = {2003},
  Pages                    = {131-150},
  Volume                   = {5}
}

@InCollection{Levy:2002,
  Title                    = {Qualitative Methods in International Relations},
  Author                   = {Levy, Jack S.},
  Booktitle                = {Millennial Reflections on International Studies},
  Publisher                = {University of Michigan Press},
  Year                     = {2002},

  Address                  = {Ann Arbor},
  Editor                   = {Brecher, Michael and Harvey, Frank P.},
  Pages                    = {432-454},

  Owner                    = {Oliver westerwinter},
  Timestamp                = {2013.03.20}
}

@InCollection{Levy:2003,
  Title                    = {Economic Interdependence, Opportunity Costs, and Peace},
  Author                   = {Levy, Jack S.},
  Booktitle                = {Economic Interdependence and International Conflict. New Perspectives on an Enduring Debate},
  Publisher                = {University of Michigan Press},
  Year                     = {2003},

  Address                  = {Ann Arbor},
  Editor                   = {Mansfield, Edward D. and Pollins, Brian M.},
  Pages                    = {127-147},

  Owner                    = {Oliver},
  Timestamp                = {2015.04.10}
}

@Article{Lieberman:2005,
  Title                    = {Nested Analysis as a Mixed-Method Strategy for Comparative Research},
  Author                   = {Lieberman, Evan S.},
  Journal                  = {American Political Science Review},
  Year                     = {2005},
  Pages                    = {435-452},
  Volume                   = {99},

  Owner                    = {Oliver westerwinter},
  Timestamp                = {2013.03.20}
}

@InCollection{Liese:2011,
  Title                    = {Transnational Public-Private Partnerships and the Provision of Collective Goods in Developing Countries},
  Author                   = {Liese, Andrea and Beisheim, Marianne},
  Booktitle                = {Governance Without a State? Policies and Politics in Areas of Limited Statehood},
  Publisher                = {Columbia University Press},
  Year                     = {2011},

  Address                  = {New York},
  Editor                   = {Risse, Thomas},
  Pages                    = {115-143}
}

@Article{Lijphart:1971,
  Title                    = {Comparative Politics and the Comparative Method},
  Author                   = {Lijphart, Arend},
  Journal                  = {American Political Science Review},
  Year                     = {1971},
  Pages                    = {682-693},
  Volume                   = {65},

  Owner                    = {Oliver westerwinter},
  Timestamp                = {2013.03.21}
}

@Book{Lindley:2007,
  Title                    = {Promoting Peace with Information. Transparency as a Tool of Security Regimes},
  Author                   = {Lindley, Dan},
  Publisher                = {Princeton University Press},
  Year                     = {2007},

  Address                  = {Princeton},

  Owner                    = {Oliver},
  Timestamp                = {2013.08.08}
}

@Article{Lipson:1991,
  Title                    = {Why are some International Agreements Informal?},
  Author                   = {Lipson, Charles},
  Journal                  = {International Organization},
  Year                     = {1991},
  Pages                    = {495-538},
  Volume                   = {45}
}

@Article{Lipson:1985,
  Title                    = {Bankers' Dilemmas: Private Cooperation in Rescheduling Sovereign Debts},
  Author                   = {Lipson, Charles},
  Journal                  = {World Politics},
  Year                     = {1985},
  Number                   = {1},
  Pages                    = {200-225},
  Volume                   = {38},

  Owner                    = {Oliver},
  Timestamp                = {2012.10.08}
}

@Article{Lipson:1984,
  Title                    = {International Cooperation in Economic and Security Affairs},
  Author                   = {Lipson, Charles},
  Journal                  = {World Politics},
  Year                     = {1984},
  Number                   = {1},
  Pages                    = {1-23},
  Volume                   = {37},

  Owner                    = {Oliver},
  Timestamp                = {2012.10.08}
}

@Book{Long:1997,
  Title                    = {Regression Models for Categorical and Limited Dependent Variables},
  Author                   = {Long, Scott J.},
  Publisher                = {Sage Publications},
  Year                     = {1997},

  Address                  = {Thousand Oaks},

  Owner                    = {Oliver},
  Timestamp                = {2015.01.09}
}

@InCollection{MacDonald:2011,
  Title                    = {Fair Labor Association},
  Author                   = {MacDonald, Kate},
  Booktitle                = {Handbook of Transnational Governance. Institutions and Innovations},
  Publisher                = {Polity Press},
  Year                     = {2011},

  Address                  = {Cambridge},
  Editor                   = {Hale, Thomas and Held, David},
  Pages                    = {243-251}
}

@Article{Mack:1975,
  Title                    = {Why Big Nations Lose Small Wars: The Politics of Asymmetric Conflict},
  Author                   = {Mack, Andrew},
  Journal                  = {World Politics},
  Year                     = {1975},
  Pages                    = {175-200},
  Volume                   = {27},

  Owner                    = {Oliver},
  Timestamp                = {2013.08.07}
}

@Article{Mahoney:2010a,
  Title                    = {After KKV. The New Methodology of Qualitative Research},
  Author                   = {Mahoney, James},
  Journal                  = {World Politics},
  Year                     = {2010},
  Pages                    = {120-147},
  Volume                   = {62},

  Owner                    = {Oliver westerwinter},
  Timestamp                = {2013.03.20}
}

@Article{Mahoney:2007,
  Title                    = {Qualitative Methodology and Comparative Politics},
  Author                   = {Mahoney, James},
  Journal                  = {Comparative Political Studies},
  Year                     = {2007},
  Pages                    = {122-144},
  Volume                   = {40},

  Owner                    = {Oliver westerwinter},
  Timestamp                = {2013.03.20}
}

@Article{Mahoney:2000,
  Title                    = {Strategies of Causal Inference in Small-N Analysis},
  Author                   = {Mahoney, James},
  Journal                  = {Sociological Methods and Research},
  Year                     = {2000},
  Pages                    = {387-424},
  Volume                   = {28},

  Owner                    = {Oliver westerwinter},
  Timestamp                = {2013.03.20}
}

@Article{Mahoney:2006,
  Title                    = {A Tale of Two Culture: Contrasting Quantitative and Qualitative Research},
  Author                   = {Mahoney, James and Goertz, Gary},
  Journal                  = {Political Analysis},
  Year                     = {2006},
  Pages                    = {227-249},
  Volume                   = {14},

  Owner                    = {Oliver westerwinter},
  Timestamp                = {2013.03.20}
}

@Article{Mahoney:2004,
  Title                    = {The Possibility Principle: Choosing Negative CCase in Comparative Research},
  Author                   = {Mahoney, James and Goertz, Gary},
  Journal                  = {American Political Science Review},
  Year                     = {2004},
  Pages                    = {653-669},
  Volume                   = {98},

  Owner                    = {Oliver westerwinter},
  Timestamp                = {2013.03.20}
}

@InCollection{Mahoney:2010,
  Title                    = {A Theory of Gradual Institutional Change},
  Author                   = {Mahoney, James and Kathleen Thelen},
  Booktitle                = {Explaining Institutional Change. Ambiguity, Agency, and Power},
  Publisher                = {Cam},
  Year                     = {2010},

  Address                  = {Cambridge},
  Editor                   = {Mahoney, James and Kathleen Thelen},
  Pages                    = {1-37},

  Owner                    = {Oliver},
  Timestamp                = {2013.08.07}
}

@InCollection{Mahoney:2010b,
  Title                    = {A Theory of Gradual Institutional Change},
  Author                   = {Mahoney, James and Thelen, Kathleen},
  Booktitle                = {Explaining Institutional Change. Ambiguity, Agency, and Power},
  Publisher                = {Cambridge University Press},
  Year                     = {2010},

  Address                  = {Cambridge},
  Editor                   = {Mahoney, James and Thelen, Kathleen},
  Pages                    = {1-37},

  Owner                    = {Oliver westerwinter},
  Timestamp                = {2013.03.27}
}

@Book{Manly:1991,
  Title                    = {RandomiRandom and Monte Carlo Methods in Biology},
  Author                   = {Manly, Bryan F. J.},
  Publisher                = {Chapman and Hall},
  Year                     = {1991},

  Address                  = {London},

  Owner                    = {Oliver westerwinter},
  Timestamp                = {2013.04.26}
}

@InCollection{Mansfield:2003a,
  Title                    = {Interdependence and Conflict: An Introduction},
  Author                   = {Mansfield, Edward, D and Pollins, Brian},
  Booktitle                = {Economic Interdependence and International Conflict. New Perspectives on an Enduring Debate},
  Publisher                = {University of Michigan Press},
  Year                     = {2003},

  Address                  = {Ann Arbor},
  Editor                   = {Mansfield, Edward D and Pollins, Brian},
  Pages                    = {1-28},

  Owner                    = {OWesterwinter},
  Timestamp                = {2015.04.09}
}

@Article{Mansfield:2001,
  Title                    = {The Study of Interdependence and Conflict: Recent Advances, Open QuesQuest, and Directions for Future Research},
  Author                   = {Mansfield, Edward, D and Pollins, Brian},
  Journal                  = {Journal of Conflict Resolution},
  Year                     = {2001},
  Number                   = {6},
  Pages                    = {834-859},
  Volume                   = {45},

  Owner                    = {OWesterwinter},
  Timestamp                = {2015.04.09}
}

@Book{Maoz:2011,
  Title                    = {Networks of Nations. The Evolution, Structure, and Impact of International Networks, 1816-2001},
  Author                   = {Maoz, Zeev},
  Publisher                = {Cambridge University Press},
  Year                     = {2011},

  Address                  = {New York},

  Owner                    = {Oliver},
  Timestamp                = {2012.05.29}
}

@Article{Maoz:2009,
  Title                    = {The Effects of Strategic and Economic Interdependence on International Conflict across Levels of Analysis},
  Author                   = {Maoz, Zeev},
  Journal                  = {American Journal of Political Science},
  Year                     = {2009},
  Pages                    = {223-240},
  Volume                   = {53},

  Owner                    = {Oliver},
  Timestamp                = {2012.09.09}
}

@Article{Mao:2006,
  Title                    = {Network Polarization, Network Interdependence, and International Conflict, 1816-2002},
  Author                   = {Maoz, Zeev},
  Journal                  = {Journal of Peace Research},
  Year                     = {2006},
  Pages                    = {391-411},
  Volume                   = {43},

  Owner                    = {Oliver},
  Timestamp                = {2013.01.13}
}

@Article{Maoz:2006,
  Title                    = {Structural Equivalence and International Conflict},
  Author                   = {Maoz, Zeev and Kuperman, Ranan D. and Terris, Lesley and Talmud, Ilan},
  Journal                  = {Journal of Conflict Resolution},
  Year                     = {2006},
  Pages                    = {664-689},
  Volume                   = {50},

  Owner                    = {Oliver},
  Timestamp                = {2013.01.13}
}

@Unpublished{Maoz:2004,
  Title                    = {Network Centrality and International Conflict, 1816-2001: Does it Pay to Be Important?},
  Author                   = {Maoz, Zeev and Kuperman, Ranan D. and Terris, Lesley and Talmud, Ilna},
  Note                     = {Manuscript},
  Year                     = {2004}
}

@Article{Maoz:1993,
  Title                    = {Normative and Structural Causes of the Democratic Peace, 1946-1986},
  Author                   = {Maoz, Zeev and Russett, Bruce},
  Journal                  = {American Political Science Review},
  Year                     = {1993},
  Number                   = {3},
  Pages                    = {624-638},
  Volume                   = {87},

  Owner                    = {Oliver},
  Timestamp                = {2015.01.09}
}

@InCollection{Marsden:2005,
  Title                    = {Recent Developments in Network Measurement},
  Author                   = {Marsden, Peter V.},
  Booktitle                = {Models and Methods in Social Network Analysis},
  Publisher                = {Cambridge University Press},
  Year                     = {2005},

  Address                  = {Cambridge},
  Editor                   = {Carrington, Peter J. and Scott, John and Wasserman, Stanley},
  Pages                    = {8-30}
}

@Article{Marsden:1990,
  Title                    = {Network Data and Measurement},
  Author                   = {Marsden, Peter V.},
  Journal                  = {Annual Review of Sociology},
  Year                     = {1990},
  Pages                    = {435-463},
  Volume                   = {16},

  Owner                    = {Oliver westerwinter},
  Timestamp                = {2013.03.21}
}

@Article{Martin:1992,
  Title                    = {Interests, Power, and Multilateralism},
  Author                   = {Martin, Lisa L.},
  Journal                  = {International Organization},
  Year                     = {1992},
  Number                   = {4},
  Pages                    = {765-792},
  Volume                   = {46},

  Owner                    = {Oliver},
  Timestamp                = {2012.10.07}
}

@Article{Martin:1998,
  Title                    = {Theories and Empirical Studies of International Institutions},
  Author                   = {Martin, Lisa L. and Simmons, Beth A.},
  Journal                  = {International Organization},
  Year                     = {1998},
  Pages                    = {729-757},
  Volume                   = {52},

  Owner                    = {Oliver westerwinter},
  Timestamp                = {2013.03.27}
}

@Article{Martin:2008,
  Title                    = {Make Trade Not War?},
  Author                   = {Martin, Philippe and Mayer, Thierry and Thoenig, Mathias},
  Journal                  = {Review of Economic Studies},
  Year                     = {2008},
  Pages                    = {865-900},
  Volume                   = {75},

  Owner                    = {OWesterwinter},
  Timestamp                = {2015.12.19}
}

@Article{Mastanduno:1998,
  Title                    = {Economic and Security in StateState and Scholarship},
  Author                   = {Mastanduno, Michael},
  Journal                  = {International Organization},
  Year                     = {1998},
  Number                   = {4},
  Pages                    = {825-854},
  Volume                   = {52},

  Owner                    = {Oliver},
  Timestamp                = {2015.04.10}
}

@Article{Mastanduno:1991,
  Title                    = {Do Relative Gains Matter? America's Response to Japanese Industrial Policy},
  Author                   = {Mastanduno, Michael},
  Journal                  = {International Security},
  Year                     = {1991},
  Number                   = {1},
  Pages                    = {73-113},
  Volume                   = {16},

  Owner                    = {Oliver},
  Timestamp                = {2015.04.10}
}

@Article{McClelland:1983,
  Title                    = {Let the User Beware},
  Author                   = {McClelland, Charles},
  Journal                  = {International Studies Quarterly},
  Year                     = {1983},
  Number                   = {2},
  Pages                    = {169-177},
  Volume                   = {27},

  Owner                    = {Oliver},
  Timestamp                = {2015.01.09}
}

@Unpublished{McClelland:1978,
  Title                    = {World Event Interaction Survey},
  Author                   = {McClelland, Charles},
  Note                     = {ICPSR 5211. Interuniversity Consortium for Political Science Research},
  Year                     = {1978},

  Owner                    = {Oliver},
  Timestamp                = {2015.01.09}
}

@Article{McCubbins:1984,
  Title                    = {Congressional Oversight Overlooked: Police Patrols versus Fire Alarms},
  Author                   = {McCubbins, Mathew D. and Thomas Schwartz},
  Journal                  = {American Journal of Political Science},
  Year                     = {1984},
  Pages                    = {165-179},
  Volume                   = {28},

  Owner                    = {Oliver},
  Timestamp                = {2013.08.05}
}

@Article{McGinnis:1986,
  Title                    = {Issue Linkage and the Evolution of International Cooperation},
  Author                   = {McGinnis, Michael D.},
  Journal                  = {Journal of Conflict Resolution},
  Year                     = {1986},
  Pages                    = {141-170},
  Volume                   = {30},

  Owner                    = {Oliver westerwinter},
  Timestamp                = {2013.03.27}
}

@InCollection{Meidinger:2007,
  Title                    = {Beyond Westphalia. Competitive Legalization in Emerging Transnational Regulatory Systems},
  Author                   = {Meidinger, Erol},
  Booktitle                = {Law and Legalization in Transnational Relations},
  Publisher                = {Routledge},
  Year                     = {2007},

  Address                  = {London and New York},
  Editor                   = {Brutsch, Christian and Lehmkuhl, Dirk},
  Pages                    = {121-143},

  Owner                    = {Oliver},
  Timestamp                = {2012.10.07}
}

@InCollection{Mert:2012,
  Title                    = {The politics of partnerships for sustainable development},
  Author                   = {Mert, Aysem and Sander Chan},
  Booktitle                = {Public-Private Partnerships for Sustainable Development. Emergence, Influence and Legitimacy},
  Publisher                = {Edward Elgar},
  Year                     = {2012},

  Address                  = {Cheltenham},
  Editor                   = {Pattberg, Philipp and Frank Biermann and Sander Chan and Aysem Mert},
  Pages                    = {21-43},

  Owner                    = {Oliver},
  Timestamp                = {2013.08.09}
}

@Article{Metcalfe:1998,
  Title                    = {Leadership in European Union Negotiations: The Presidency of the Council},
  Author                   = {Metcalfe, David},
  Journal                  = {International Negotiation},
  Year                     = {1998},
  Pages                    = {413-434},
  Volume                   = {3},

  Owner                    = {Oliver westerwinter},
  Timestamp                = {2013.05.13}
}

@Book{Milner:1997,
  Title                    = {Interests, Institutions, and Informaton. Domestic Politics and International Relations},
  Author                   = {Milner, Helen V.},
  Publisher                = {Princeton University Press},
  Year                     = {1997},

  Address                  = {Princeton},

  Owner                    = {Oliver},
  Timestamp                = {2012.10.07}
}

@Article{Mintz:2006,
  Title                    = {Can We Generalize from Student Experiments to the Real World in Political Science, Military Affairs, and International Relations?},
  Author                   = {Mintz, Alex and Redd, Steven B. and Vedlitz, Arnold},
  Journal                  = {Journal of Conflict Resolution},
  Year                     = {2006},
  Pages                    = {757-776},
  Volume                   = {50}
}

@InCollection{Mitchell:2012,
  Title                    = {A More Formal Engagement: A Constructive Critique of Certification as a Means of Preventing Conflict and Building Peace},
  Author                   = {Mitchell, Harrison},
  Booktitle                = {High-Value National Resources and Peacebuilding},
  Publisher                = {Earthscan},
  Year                     = {2012},

  Address                  = {London},

  Owner                    = {Oliver westerwinter},
  Timestamp                = {2013.03.21}
}

@Article{Mitchell:1998,
  Title                    = {Sources of Transparency: Information Systems in International Regimes},
  Author                   = {Mitchell, Ronald B.},
  Journal                  = {International Studies Quarterly},
  Year                     = {1998},
  Pages                    = {109-130},
  Volume                   = {42},

  Owner                    = {Oliver westerwinter},
  Timestamp                = {2013.03.27}
}

@Article{Mitchell:1994,
  Title                    = {Regime Design Matters: Intentional Oil Pollution and Treaty Compliance},
  Author                   = {Mitchell, Ronald B},
  Journal                  = {International Organization},
  Year                     = {1994},
  Pages                    = {425-458},
  Volume                   = {48}
}

@Article{Moe:2005,
  Title                    = {Power and Political Institutions},
  Author                   = {Moe, Terry M.},
  Journal                  = {Perspectives on Politics},
  Year                     = {2005},
  Pages                    = {215-233},
  Volume                   = {3},

  Owner                    = {Oliver},
  Timestamp                = {2012.10.14}
}

@Article{Moe:1990,
  Title                    = {Political Institutions: The Neglected Side of the Story},
  Author                   = {Moe, Terry M.},
  Journal                  = {Journal of Law, Economics, and Organization},
  Year                     = {1990},
  Pages                    = {213-253},
  Volume                   = {6},

  Owner                    = {Oliver westerwinter},
  Timestamp                = {2013.03.24}
}

@Article{Moe:1984,
  Title                    = {The New EEconomic of Organization},
  Author                   = {Moe, Terry M.},
  Journal                  = {American Journal of Political Science},
  Year                     = {1984},
  Pages                    = {739-777},
  Volume                   = {28},

  Owner                    = {Oliver westerwinter},
  Timestamp                = {2013.03.27}
}

@Article{Montavolo:2011,
  Title                    = {Voting After The Bombings: A Natural Experiment on the Effect of Terrorist Attacks on Democratic Elections},
  Author                   = {Montavolo, Jose G.},
  Journal                  = {Review of Economics and Statistics},
  Year                     = {2011},
  Number                   = {4},
  Pages                    = {1146-1154},
  Volume                   = {93},

  Owner                    = {Oliver},
  Timestamp                = {2012.10.23}
}

@Book{Montesquieu:1989,
  Title                    = {Spirit of the Laws},
  Author                   = {Montesquieu, Baron de},
  Publisher                = {Cambridge University Press},
  Year                     = {1989},

  Address                  = {Cambridge},

  Owner                    = {OWesterwinter},
  Timestamp                = {2015.04.09}
}

@InCollection{Morrow:1999,
  Title                    = {The Strategic Setting of Choices: Signaling, Commitment, and Negotiation in International Politics},
  Author                   = {Morrow, James D.},
  Booktitle                = {Strategic Choice and International Relations},
  Publisher                = {Princeton University Press},
  Year                     = {1999},

  Address                  = {Princeton},
  Editor                   = {Lake, David A. and Powell, Robert},
  Pages                    = {77-114}
}

@InCollection{Morrow:2003,
  Title                    = {Assessing the Role of Trade as a Source of Costly Signals},
  Author                   = {Morrow, James D.},
  Booktitle                = {Economic Interdependence and International Conflict. New Perspectives on an Enduring Debate},
  Publisher                = {University of Michigan Press},
  Year                     = {2003},

  Address                  = {Ann Arbor},
  Editor                   = {Mansfield, Edward D. and Pollins, Brian M.},
  Pages                    = {89-95},

  Owner                    = {OWesterwinter},
  Timestamp                = {2015.04.09}
}

@Article{Morrow:1999b,
  Title                    = {How could trade affect conflict?},
  Author                   = {Morrow, James D.},
  Journal                  = {Journal of Peace Research},
  Year                     = {1999},
  Number                   = {4},
  Pages                    = {481-489},
  Volume                   = {36},

  Owner                    = {OWesterwinter},
  Timestamp                = {2015.04.09}
}

@Article{Morrow:1994,
  Title                    = {Modeling the Forms of International Cooperation: Distribution versus Information},
  Author                   = {Morrow, James D.},
  Journal                  = {International Organization},
  Year                     = {1994},
  Pages                    = {387-423},
  Volume                   = {48}
}

@Book{Morrow:1994b,
  Title                    = {Game Theory for Political Scientists},
  Author                   = {Morrow, James D.},
  Publisher                = {Princeton University Press},
  Year                     = {1994},

  Address                  = {Princeton},

  Owner                    = {Oliver},
  Timestamp                = {2012.10.14}
}

@Article{Morrow:1989,
  Title                    = {Capabilities, Uncertainty, and Resolve: A Limited Information Model of Crisis Bargaining},
  Author                   = {Morrow, James D.},
  Journal                  = {American Journal of Political Science},
  Year                     = {1989},
  Number                   = {4},
  Pages                    = {941-972},
  Volume                   = {33}
}

@Article{Mullahy:1986,
  Title                    = {Specification and Testing of some Modified Count Data Models},
  Author                   = {Mullahy, John},
  Journal                  = {Journal of Econometrics},
  Year                     = {1986},
  Number                   = {3},
  Pages                    = {341-365},
  Volume                   = {33},

  Owner                    = {Oliver},
  Timestamp                = {2015.01.09}
}

@Article{Murdie:2013,
  Title                    = {The Ties that Bind: A Network Analysis of Human Rights International Nongovernmental Organizations},
  Author                   = {Murdie, Amanda},
  Journal                  = {British Journal of Political Sciencre},
  Year                     = {2013},
  Pages                    = {1-27},
  Volume                   = {{Available on CJO 2013}},

  Owner                    = {Oliver},
  Timestamp                = {2013.08.10}
}

@Unpublished{Murdie:2012,
  Title                    = {The Ties that Bind: A Network Analysis of Human Rights INGOs},
  Author                   = {Murdie, Amanda},
  Note                     = {Manuscript, University of Missouri, Columbia},
  Year                     = {2012},

  Owner                    = {Oliver westerwinter},
  Timestamp                = {2013.03.20}
}

@Unpublished{Murdie:2009,
  Title                    = {The Ties that Bind: A Network Analysis of Human Rights INGOs},
  Author                   = {Murdie, Amanda and Davis, David R. and Brewington, David V.},
  Note                     = {Manuscript, Kansas State University},
  Year                     = {2009}
}

@Article{Nash:1951,
  Title                    = {Non-Cooperative Games},
  Author                   = {Nash, John},
  Journal                  = {Annals of Mathematics},
  Year                     = {1951},
  Number                   = {2},
  Pages                    = {286-295},
  Volume                   = {54},

  Owner                    = {Oliver},
  Timestamp                = {2012.10.14}
}

@Article{Nayar:1995,
  Title                    = {Regimes, power, and international aviation},
  Author                   = {Nayar, Baldev Raj},
  Journal                  = {International Organization},
  Year                     = {1995},
  Pages                    = {139-170},
  Volume                   = {49},

  Owner                    = {Oliver},
  Timestamp                = {2013.02.25}
}

@Unpublished{Nelson:2000,
  Title                    = {Partnership Alchemy. New Social Partnerships in Europe},
  Author                   = {Nelson, Jane and Simon Zadek},
  Note                     = {The Copenhagen Centre},
  Year                     = {2000},

  Owner                    = {Oliver},
  Timestamp                = {2013.08.07}
}

@Article{Nexon:2007,
  Title                    = {What's at Stake in the American Empire Debate},
  Author                   = {Nexon, Daniel H. and Wright, Thomas},
  Journal                  = {American Political Science Review},
  Year                     = {2007},
  Pages                    = {253-271},
  Volume                   = {101},

  Owner                    = {Oliver},
  Timestamp                = {2013.03.17}
}

@Book{North:1990,
  Title                    = {Institutions, Institutional Change and Economic Performance},
  Author                   = {North, Douglass C.},
  Publisher                = {Cambridge University Press},
  Year                     = {1990},

  Address                  = {New York}
}

@Article{Ohanyan:2010,
  Title                    = {The Effects of Global Policy Networks on Peacebuilding: Framework of Evaluation},
  Author                   = {Ohanyan, Anna},
  Journal                  = {Global Society},
  Year                     = {2010},
  Pages                    = {529-552},
  Volume                   = {24}
}

@Article{Oneal:1996,
  Title                    = {The Liberal Peace: Interdependence, Democracy, and International Conflict, 1950-1985},
  Author                   = {Oneal, John R. and Oneal, Frances H. and Maoz, Zeev and Russett, Bruce},
  Journal                  = {Journal of Peace Research},
  Year                     = {1996},
  Number                   = {1},
  Pages                    = {11-28},
  Volume                   = {33},

  Owner                    = {Oliver},
  Timestamp                = {2015.01.09}
}

@Article{Oneal:1999,
  Title                    = {The Kantian Peace: The Pacific Benefits of Democracy, Interdependence, and International Organizations},
  Author                   = {Oneal, John R. and Russett, Bruce},
  Journal                  = {World Politics},
  Year                     = {1999},
  Number                   = {1},
  Pages                    = {1-37},
  Volume                   = {52},

  Owner                    = {Oliver},
  Timestamp                = {2015.04.10}
}

@Article{Oneal:1997,
  Title                    = {The Classical Liberals Were Right: Democracy, Interdependence, and Conflict, 1950-1985},
  Author                   = {Oneal, John R. and Russett, Bruce},
  Journal                  = {International Studies Quarterly},
  Year                     = {1997},
  Number                   = {2},
  Pages                    = {267-293},
  Volume                   = {41},

  Owner                    = {Oliver},
  Timestamp                = {2015.01.09}
}

@Article{Oneal:2003,
  Title                    = {Causes of Peace: Democracy, Interdependence, and International Organizations, 1885-1992},
  Author                   = {Oneal, John R. and Russett, Bruce, and Berbaum, Michael L.},
  Journal                  = {International Studies Quarterly},
  Year                     = {2003},
  Pages                    = {371-393},
  Volume                   = {47},

  Owner                    = {OWesterwinter},
  Timestamp                = {2015.04.07}
}

@Book{Organski:1958,
  Title                    = {World Politics},
  Author                   = {Organski, A. F. K.},
  Publisher                = {Knopf},
  Year                     = {1958},

  Address                  = {New York},

  Owner                    = {Oliver},
  Timestamp                = {2015.04.10}
}

@Book{Organski:1980,
  Title                    = {The War Ledger},
  Author                   = {Organski, Abramo Fimo Kenneth and Kugler, Jacek},
  Publisher                = {University of Chicago Press},
  Year                     = {1980},

  Address                  = {Chicago},

  Owner                    = {Oliver},
  Timestamp                = {2013.03.14}
}

@Unpublished{Otobo:2009,
  Title                    = {A UN Architecture to Build Peace in Post-Conflict Situations. Development Outreach},
  Author                   = {Otobo, Ejeviome Eloho},
  Note                     = {World Bank Institute},
  Year                     = {2009},

  Owner                    = {Oliver},
  Timestamp                = {2012.11.04}
}

@Unpublished{Pac:2010a,
  Title                    = {Diamonds and Clubs. The Militarized Control of Diamonds and Power in Zimbabwe},
  Author                   = {PAC},
  Year                     = {2010}
}

@Unpublished{Pac:2008,
  Title                    = {Other Facets},
  Author                   = {PAC},
  Note                     = {Number 26},
  Year                     = {2008}
}

@Unpublished{Pac:2006a,
  Title                    = {Other Facets},
  Author                   = {PAC},
  Note                     = {Number 20},
  Year                     = {2006}
}

@Article{Padgett:1993,
  Title                    = {Robust Action and the Rise of the Medici, 1400-1434},
  Author                   = {Padgett, John F. and Ansell, Christopher K.},
  Journal                  = {American Journal of Sociology},
  Year                     = {1993},
  Pages                    = {1259-1319},
  Volume                   = {98}
}

@InCollection{Paris:2009,
  Title                    = {Understanding the "coordination problem" in postwar statebuilding},
  Author                   = {Paris, Roland},
  Booktitle                = {The Dilemmas of Statebuilding. Confronting the contradictions of postwar peace operations},
  Publisher                = {Routledge},
  Year                     = {2009},

  Address                  = {London and New York},
  Editor                   = {Paris, Roland and Sisk, Timothy D.},
  Pages                    = {53-78}
}

@InCollection{Sisk:2009,
  Title                    = {Introduction. Understanding the contradictions of postwar statebuilding},
  Author                   = {Paris, Roland and Sisk, Timothy D.},
  Booktitle                = {The Dilemmas of Statebuilding. Confronting the Contradictions of Postwar Peace Operations},
  Publisher                = {Routledge},
  Year                     = {2009},

  Address                  = {London and New York},
  Editor                   = {Paris, Roland and Sisk, Timothy D.},
  Pages                    = {1-20},

  Owner                    = {Oliver},
  Timestamp                = {2012.11.04}
}

@Unpublished{Pac:2012a,
  Title                    = {Other Facets},
  Author                   = {{Partnership Africa Canada}},
  Note                     = {Number 36},
  Year                     = {2012},

  Owner                    = {Oliver},
  Timestamp                = {2013.08.19}
}

@Unpublished{Pac:2011,
  Title                    = {Other Facets},
  Author                   = {{Partnership Africa Canada}},
  Note                     = {Number 35},
  Year                     = {2011}
}

@Unpublished{Pac:2010b,
  Title                    = {Other Facets},
  Author                   = {{Partnership Africa Canada}},
  Note                     = {Number 32},
  Year                     = {2010}
}

@TechReport{Pac:2010c,
  Title                    = {Diamonds Without Borders: An Assessment of the Challenges of Implementing and Enforcing the Kimberley Process Certification Scheme. A Report to the 2010 KPCS Plenary},
  Author                   = {{Partnership Africa Canada}},
  Institution              = {Partnership Africa Canada},
  Year                     = {2010},

  Owner                    = {Oliver westerwinter},
  Timestamp                = {2013.03.24}
}

@Unpublished{PAC:2010d,
  Title                    = {Other Facets},
  Author                   = {{Partnership Africa Canada}},
  Note                     = {Number 33},
  Year                     = {2010},

  Owner                    = {Oliver},
  Timestamp                = {2013.08.23}
}

@Unpublished{Pac:2009a,
  Title                    = {Other Facets},
  Author                   = {{Partnership Africa Canada}},
  Note                     = {Number 29},
  Year                     = {2009}
}

@Unpublished{Pac:2009b,
  Title                    = {Other Facets},
  Author                   = {{Partnership Africa Canada}},
  Note                     = {Number 31},
  Year                     = {2009},

  Owner                    = {Oliver westerwinter},
  Timestamp                = {2013.03.21}
}

@Unpublished{Pac:2006b,
  Title                    = {Killing Kimberley? Conflict Diamonds and Paper Tigers},
  Author                   = {{Partnership Africa Canada}},
  Note                     = {Occasional Paper No. 15},
  Year                     = {2006},

  Owner                    = {Oliver westerwinter},
  Timestamp                = {2013.03.21}
}

@Unpublished{Pac:2003,
  Title                    = {Other Facets},
  Author                   = {{Partnership Africa Canada}},
  Note                     = {Number 11},
  Year                     = {2003}
}

@Unpublished{Pac:2001a,
  Title                    = {Other Facets},
  Author                   = {{Partnership Africa Canada}},
  Note                     = {Number 1},
  Year                     = {2001}
}

@Unpublished{Pac:2001b,
  Title                    = {Other Facets},
  Author                   = {{Partnership Africa Canada}},
  Note                     = {Number 3},
  Year                     = {2001}
}

@Article{Peng:2010,
  Title                    = {When Formal Laws and Informal Norms Collide: Lineage Networks versus Birth Control Policy in China},
  Author                   = {Peng, Yusheng},
  Journal                  = {American Journal of Sociology},
  Year                     = {2010},
  Pages                    = {770-805},
  Volume                   = {116}
}

@Article{Peterson:2011,
  Title                    = {Third-party trade, political similarity, and dyadic conflict},
  Author                   = {Peterson, Timothy M.},
  Journal                  = {Journal of Peace Research},
  Year                     = {2011},
  Number                   = {2},
  Pages                    = {185-200},
  Volume                   = {48},

  Owner                    = {OWesterwinter},
  Timestamp                = {2015.04.09}
}

@Article{Pevehouse:2004,
  Title                    = {Interdependence Theory and the Measurment of International Conflict},
  Author                   = {Pevehouse, Jon C.},
  Journal                  = {Journal of Politics},
  Year                     = {2004},
  Number                   = {1},
  Pages                    = {247-266},
  Volume                   = {66},

  Owner                    = {OWesterwinter},
  Timestamp                = {2015.04.09}
}

@Article{Pierson:2000,
  Title                    = {Increasing Returns, Path Depen, and the Study of Politics},
  Author                   = {Pierson, Paul},
  Journal                  = {American Political Science Review},
  Year                     = {2000},
  Pages                    = {251-267},
  Volume                   = {94},

  Owner                    = {Oliver},
  Timestamp                = {2013.08.07}
}

@InCollection{Pitts:2011,
  Title                    = {Voluntary Principles on Security and Human Rights},
  Author                   = {Pitts, Chip},
  Booktitle                = {Handbook of Transnational Governance. Institutions and Innovations},
  Publisher                = {Polity Press},
  Year                     = {2011},

  Address                  = {Cambridge},
  Editor                   = {Hale, Thomas and Held, David},
  Pages                    = {357-363},

  Owner                    = {Oliver},
  Timestamp                = {2012.10.14}
}

@Article{Poast:2010,
  Title                    = {(Mis)Using Dyadic Data to Analyze Multilateral Events},
  Author                   = {Poast, Paul},
  Journal                  = {Political Analysis},
  Year                     = {2010},
  Pages                    = {403-425},
  Volume                   = {18},

  Owner                    = {Oliver},
  Timestamp                = {2012.05.29}
}

@Article{Podolny:1998,
  Title                    = {Network Forms of Organization},
  Author                   = {Podolny, Joel M. and Page, Karen L.},
  Journal                  = {Annual Review of Sociology},
  Year                     = {1998},
  Pages                    = {57-76},
  Volume                   = {24}
}

@Unpublished{Pohl:2005,
  Title                    = {An ally for Africa's push up the diamond ladder},
  Author                   = {Pohl, Otto},
  Note                     = {The New York Times},
  Year                     = {2005}
}

@Article{Polachek:1997,
  Title                    = {Why Democracies Cooperate More and Fight Less: The Relationship Between International Trade and Cooperation},
  Author                   = {Polachek, Solomon W.},
  Journal                  = {Review of International Economics},
  Year                     = {1997},
  Number                   = {3},
  Pages                    = {295-309},
  Volume                   = {5},

  Owner                    = {OWesterwinter},
  Timestamp                = {2015.04.09}
}

@Article{Polachek:1980,
  Title                    = {Conflict and trade},
  Author                   = {Polachek, Solomon W.},
  Journal                  = {Journal of Conflict Resolution},
  Year                     = {1980},
  Number                   = {1},
  Pages                    = {55-78},
  Volume                   = {24},

  Owner                    = {OWesterwinter},
  Timestamp                = {2015.04.09}
}

@Article{Polachek:2010,
  Title                    = {How opportuntiy costs decrease the probability of war in an incomplete information game},
  Author                   = {Polachek, Solomon W. and Xiang Jun},
  Journal                  = {International Organization},
  Year                     = {2010},
  Number                   = {1},
  Pages                    = {133-144},
  Volume                   = {64},

  Owner                    = {OWesterwinter},
  Timestamp                = {2015.04.09}
}

@Article{Polachek:1999,
  Title                    = {Liberalism and Interdependence: Extending the Trade-Conflict Model.},
  Author                   = {Solomon W. {Polachek} and John Robst and Yuan-Ching Chang},
  Journal                  = {Journal of Peace Research},
  Year                     = {1999},
  Number                   = {4},
  Pages                    = {405-422},
  Volume                   = {36},

  Owner                    = {OWesterwinter},
  Timestamp                = {2016.02.15}
}

@Article{Pouliot:2008,
  Title                    = {The Logic of Practicality: A Theory of Practice of Security Communities},
  Author                   = {Pouliot, Vincent},
  Journal                  = {International Organization},
  Year                     = {2008},
  Pages                    = {257-288},
  Volume                   = {62},

  Owner                    = {Oliver westerwinter},
  Timestamp                = {2013.03.27}
}

@Article{Powell:2006,
  Title                    = {War as a Commitment Problem},
  Author                   = {Powell, Robert},
  Journal                  = {International Organization},
  Year                     = {2006},
  Number                   = {1},
  Pages                    = {169-203},
  Volume                   = {60},

  Owner                    = {Oliver},
  Timestamp                = {2013.03.14}
}

@Article{Powell:2004,
  Title                    = {Bargaining and Learning While Fighting},
  Author                   = {Powell, Robert},
  Journal                  = {American Journal of Political Science},
  Year                     = {2004},
  Number                   = {2},
  Pages                    = {344-361},
  Volume                   = {48},

  Owner                    = {Oliver},
  Timestamp                = {2013.01.16}
}

@Article{Powell:2004b,
  Title                    = {The Inefficient Use of Power: Costly Conflict with Complete Information},
  Author                   = {Powell, Robert},
  Journal                  = {American Political Science Review},
  Year                     = {2004},
  Pages                    = {231-241},
  Volume                   = {98},

  Owner                    = {Oliver},
  Timestamp                = {2013.03.14}
}

@Article{Powell:2002,
  Title                    = {Bargaining Theory and International Conflict},
  Author                   = {Powell, Robert},
  Journal                  = {Annual Review of Political Science},
  Year                     = {2002},
  Pages                    = {1-30},
  Volume                   = {5},

  Owner                    = {Oliver},
  Timestamp                = {2012.09.12}
}

@Book{Powell:1999,
  Title                    = {In the Shadow of Power: States and Strategies in International Politics},
  Author                   = {Powell, Robert},
  Publisher                = {Princeton University Press},
  Year                     = {1999},

  Address                  = {Princeton},

  Owner                    = {Oliver},
  Timestamp                = {2013.03.19}
}

@Article{Powell:1996a,
  Title                    = {Stability and the Distribution of Power},
  Author                   = {Powell, Robert},
  Journal                  = {World Politics},
  Year                     = {1996},
  Number                   = {2},
  Pages                    = {239-267},
  Volume                   = {48},

  Owner                    = {Oliver},
  Timestamp                = {2013.01.19}
}

@Article{Powell:1996b,
  Title                    = {Bargaining in the Shadow of Power},
  Author                   = {Powell, Robert},
  Journal                  = {Games and Economic Behavior},
  Year                     = {1996},
  Pages                    = {255-289},
  Volume                   = {15}
}

@Article{Powell:1990,
  Title                    = {Neither Market Nor Hierarchy: Network Forms of Organization},
  Author                   = {Powell, Walter W.},
  Journal                  = {Research in Organizational Behavior},
  Year                     = {1990},
  Pages                    = {295-336},
  Volume                   = {12}
}

@Article{Prantl:2005,
  Title                    = {Informal Groups of States and the UN Security Council},
  Author                   = {Prantl, Jochen},
  Journal                  = {International Organization},
  Year                     = {2005},
  Pages                    = {559-592},
  Volume                   = {59},

  Owner                    = {Oliver},
  Timestamp                = {2013.08.08}
}

@Article{Prebisch:1959,
  Title                    = {Commercial Policy in the UnderdeveUnder Countries},
  Author                   = {Prebisch, Raul},
  Journal                  = {American Economic Review},
  Year                     = {1959},
  Number                   = {2},
  Pages                    = {251-273},
  Volume                   = {49},

  Owner                    = {Oliver},
  Timestamp                = {2015.04.10}
}

@Book{Putnam:2000,
  Title                    = {Bowling Alone: The Collapse and Revival of American Community},
  Author                   = {Putnam, Robert},
  Publisher                = {Simon and Schuster},
  Year                     = {2000},

  Address                  = {New York},

  Owner                    = {OWesterwinter},
  Timestamp                = {2014.08.26}
}

@Article{Quandt:1961,
  Title                    = {On the Use of Game Models in Theories of International Relations},
  Author                   = {Quandt, Richard E.},
  Journal                  = {World Politics},
  Year                     = {1961},
  Number                   = {1},
  Pages                    = {69-76},
  Volume                   = {14},

  Owner                    = {Oliver},
  Timestamp                = {2012.10.14}
}

@Article{Radnitz:2011,
  Title                    = {Informal Politics and the State},
  Author                   = {Radnitz, Scott},
  Journal                  = {Comparative Politics},
  Year                     = {2011},
  Pages                    = {351-371},
  Volume                   = {43}
}

@InCollection{Ragin:1992a,
  Title                    = {Introduction: Case of "What is a case?"},
  Author                   = {Ragin, Charles C.},
  Booktitle                = {What is a Case? Exploring the foundations of social inquiry},
  Publisher                = {Cambridge University Press},
  Year                     = {1992},

  Address                  = {Cambridge},
  Editor                   = {Ragin, Charles C. and Becker, Howard S.},
  Pages                    = {1-17},

  Owner                    = {Oliver westerwinter},
  Timestamp                = {2013.03.20}
}

@InCollection{Ragin:1992b,
  Title                    = {"Casing" and the process of social inquiry},
  Author                   = {Ragin, Charles C.},
  Booktitle                = {What is a Case? Exploring the foundations of social inquiry},
  Publisher                = {Cabridge University Press},
  Year                     = {1992},

  Address                  = {Cambridge},
  Editor                   = {Ragin, Charles C. and Becker, Howard S.},
  Pages                    = {217-226},

  Owner                    = {Oliver westerwinter},
  Timestamp                = {2013.03.20}
}

@Book{Ragin:1987,
  Title                    = {The Comparative Method. Moving Beyond Qualitative and Quantitative Strategies},
  Author                   = {Ragin, Charles C.},
  Publisher                = {University of California Press},
  Year                     = {1987},

  Address                  = {Berkeley and Los Angeles},

  Owner                    = {Oliver westerwinter},
  Timestamp                = {2013.03.20}
}

@Unpublished{Ralby:2011,
  Title                    = {From Paper to Practice: The Challenges of Making the International Code of Conduct for Private Security Service Providers a Function Reality},
  Author                   = {Ralby, Ian M.},
  Note                     = {Manuscript},
  Year                     = {2011},

  Owner                    = {Oliver westerwinter},
  Timestamp                = {2013.03.22}
}

@Article{Raustiala:2005,
  Title                    = {Form and Substance in International Agreements},
  Author                   = {Raustiala, Kal},
  Journal                  = {The American Journal of International Law},
  Year                     = {2005},
  Pages                    = {581-614},
  Volume                   = {99}
}

@Article{Raustiala:2004,
  Title                    = {Police Patrols \& Fire Alarms in the NAAEC},
  Author                   = {Raustiala, Kal},
  Journal                  = {Loyola of Los Angeles International and Comparative Law Review},
  Year                     = {2004},
  Pages                    = {389-413},
  Volume                   = {26}
}

@Article{Reed:2003,
  Title                    = {Information, Power, and War},
  Author                   = {Reed, William},
  Journal                  = {American Political Science Review},
  Year                     = {2003},
  Number                   = {4},
  Pages                    = {633-641},
  Volume                   = {97},

  Owner                    = {Oliver},
  Timestamp                = {2013.01.13}
}

@Article{reedchiba:2010,
  Title                    = {{D}ecomposing the {R}elationship {B}etween {C}ontiguity and {M}ilitarized {C}onflict},
  Author                   = {William {Reed} and Daina {Chiba}},
  Journal                  = {American Journal of Political Science},
  Year                     = {2010},
  Number                   = {1},
  Pages                    = {61--73},
  Volume                   = {54},

  Date-added               = {2011-05-28 16:42:55 -0700},
  Date-modified            = {2011-05-28 16:44:36 -0700}
}

@Book{Reinicke:1998,
  Title                    = {Global Public Policy. Governing without Government?},
  Author                   = {Reinicke, Wolfgang H.},
  Publisher                = {Brookings Institute Press},
  Year                     = {1998},

  Address                  = {Washington, D.C.},

  Owner                    = {Oliver westerwinter},
  Timestamp                = {2013.04.07}
}

@Book{Reinicke:2000,
  Title                    = {Critical Choices. The United Nations, Networks, and the Future of Global Governance},
  Author                   = {Reinicke, Wolfgang H. and Deng, Francis},
  Publisher                = {International Development Research Centre},
  Year                     = {2000},

  Address                  = {Ottawa}
}

@Article{Reiter:2003,
  Title                    = {Exploring the Bargaining Model of War},
  Author                   = {Reiter, Dan},
  Journal                  = {Perspectives on Politics},
  Year                     = {2003},
  Pages                    = {27-43},
  Volume                   = {1},

  Owner                    = {Oliver},
  Timestamp                = {2013.01.13}
}

@Article{Richards:1999,
  Title                    = {Toward a Positive Theory of International Institutions: Regulating International Aviation Markets},
  Author                   = {Richards, John E.},
  Journal                  = {International Organization},
  Year                     = {1999},
  Pages                    = {1-37},
  Volume                   = {53},

  Owner                    = {Oliver},
  Timestamp                = {2013.02.25}
}

@Article{Ricigliano:2003,
  Title                    = {Networks of Effective Action: Implementing an Integrated Approach to Peacebuilding},
  Author                   = {Ricigliano, Robert},
  Journal                  = {Security Dialogue},
  Year                     = {2003},
  Pages                    = {445-462},
  Volume                   = {34}
}

@Unpublished{Riedl:2002,
  Title                    = {Exclusion and Cooperation in Social Network Experiments},
  Author                   = {Riedl, Arno and Ule, Aljaz},
  Note                     = {Manuscript},
  Year                     = {2002}
}

@TechReport{Rio:2010,
  Title                    = {Striving for global sector leadership},
  Author                   = {{Rio Tinto}},
  Institution              = {Rio Tinto},
  Year                     = {2010},

  Owner                    = {Oliver},
  Timestamp                = {2013.08.05}
}

@TechReport{Rio:2004,
  Title                    = {Rio Tinto Diamonds Review 2004},
  Author                   = {{Rio Tinto Diamonds}},
  Institution              = {Rio Tinto Diamonds},
  Year                     = {2004},

  Owner                    = {Oliver},
  Timestamp                = {2013.08.05}
}

@TechReport{Rio:2003,
  Title                    = {Industry Review 2003},
  Author                   = {{Rio Tinto Diamonds}},
  Institution              = {Rio Tinto Diamonds},
  Year                     = {2003},

  Owner                    = {Oliver},
  Timestamp                = {2013.08.05}
}

@Article{Risse:2004,
  Title                    = {Global Governance and Communicative Action},
  Author                   = {Risse, Thomas},
  Journal                  = {Government and Opposition},
  Year                     = {2004},
  Pages                    = {288-313},
  Volume                   = {39},

  Owner                    = {Oliver},
  Timestamp                = {2013.08.07}
}

@Book{Risse:1995,
  Title                    = {Bringing Transnational Relations Back In. Non-state Actors, Domestic Structure, and International Institutions},
  Author                   = {Risse-Kappen, Thomas},
  Publisher                = {Cambridge University Press},
  Year                     = {1995},

  Address                  = {Cambridge},

  Owner                    = {Oliver},
  Timestamp                = {2012.10.07}
}

@Article{Roberts:2005,
  Title                    = {Organizing for peace operations},
  Author                   = {Roberts, Nancy C. and Bradley, Raymond T.},
  Journal                  = {Public Management Review},
  Year                     = {2005},
  Pages                    = {111-133},
  Volume                   = {7}
}

@Article{Robins:2007a,
  Title                    = {An Introduction to Exponential Random Graph (p*) Models for Social Networks},
  Author                   = {Robins, Garry and Pattison, Pip and Kalish, Yuval and Lusher, Dean},
  Journal                  = {Social Networks},
  Year                     = {2007},
  Pages                    = {173-191},
  Volume                   = {29},

  Owner                    = {Oliver},
  Timestamp                = {2012.06.12}
}

@Article{Robins:2007b,
  Title                    = {Recent Developments in Exponential Random Graph (p*) Models for Social Networks},
  Author                   = {Robins, Garry and Snijders, Tom and Wang, Peng, and Handcock, Mark and Pattison, Philippa},
  Journal                  = {Social Networks},
  Year                     = {2007},
  Pages                    = {192-215},
  Volume                   = {29},

  Owner                    = {Oliver},
  Timestamp                = {2012.06.12}
}

@Article{Roggensack:2013,
  Title                    = {It's Time for an International Code of Conduct for Private Security Contractors},
  Author                   = {Roggensack, Meg},
  Journal                  = {Georgetown Journal of International Affairs},
  Year                     = {2013},

  Owner                    = {Oliver westerwinter},
  Timestamp                = {2013.04.08}
}

@Article{Rogowski:2012,
  Title                    = {Estimating the Causal Effects of Social Interaction with Endogenous Networks},
  Author                   = {Rogowski, Jon C. and Betsy Sinclair},
  Journal                  = {Political Analysis},
  Year                     = {2012},
  Pages                    = {316-328},
  Volume                   = {20},

  Owner                    = {Oliver},
  Timestamp                = {2012.09.12}
}

@InCollection{Rogowski:1999,
  Title                    = {Institutions as Constraints on Strategic Choice},
  Author                   = {Rogowski, Ronald},
  Booktitle                = {Strategic Choice and International Relations},
  Publisher                = {Princeton University Press},
  Year                     = {1999},

  Address                  = {Princeton},
  Editor                   = {Lake, David A. and Robert Powell},
  Pages                    = {115-136},

  Owner                    = {Oliver},
  Timestamp                = {2013.08.07}
}

@Article{Rohlfing:2008,
  Title                    = {What You See and What You Get: Pitfalls and Principles of Nested Analysis in Comparative Research},
  Author                   = {Rohlfing, Ingo},
  Journal                  = {Comparative Political Studies},
  Year                     = {2008},
  Pages                    = {1492-1514},
  Volume                   = {41},

  Owner                    = {Oliver westerwinter},
  Timestamp                = {2013.03.20}
}

@Book{Rosecrance:1985,
  Title                    = {The Rise of the Trading State: Commerce and Conquest in the Modern World},
  Author                   = {Rosecrance, Richard},
  Publisher                = {Basic Books},
  Year                     = {1985},

  Address                  = {New York},

  Owner                    = {OWesterwinter},
  Timestamp                = {2015.04.09}
}

@Article{Rubinstein:1982,
  Title                    = {Perfect Equilibrium in a Bargaining Model},
  Author                   = {Rubinstein, Ariel},
  Journal                  = {Econometrica},
  Year                     = {1982},
  Pages                    = {97-110},
  Volume                   = {50},

  Owner                    = {Oliver},
  Timestamp                = {2013.03.08}
}

@Article{Ruchhaus:2006,
  Title                    = {Asymmetric Information, Mediation, and Conflict Management},
  Author                   = {Ruchhaus, Robert W.},
  Journal                  = {World Politics},
  Year                     = {2006},
  Pages                    = {207-241},
  Volume                   = {58},

  Owner                    = {Oliver},
  Timestamp                = {2013.03.19}
}

@Book{Russett:2001,
  Title                    = {Triangulating Peace: Democracy, Interdependence, and International Organizations},
  Author                   = {Russett, Bruce and Oneal, John R.},
  Publisher                = {Norton},
  Year                     = {2001},

  Address                  = {New York},

  Owner                    = {Oliver},
  Timestamp                = {2015.01.09}
}

@Article{Savun:2011,
  Title                    = {Foreign Aid, Democratization, and Civil Conflict: How Does Democracy Aid Affect Civil Conflict?},
  Author                   = {Savun, Burcu and Tirone, Daniel C.},
  Journal                  = {American Journal of Political Science},
  Year                     = {2011},
  Number                   = {2},
  Pages                    = {233-246},
  Volume                   = {55},

  Owner                    = {OWesterwinter},
  Timestamp                = {2015.08.31}
}

@Article{Schaferhoff:2009,
  Title                    = {Transnational Public-Private Partnerships in International Relations: Making Sense of Concepts, Research Frameworks, and Results},
  Author                   = {Schaferhoff, Marco and Campe, Sabine and Kaan, Christopher},
  Journal                  = {International Studies Review},
  Year                     = {2009},
  Pages                    = {451-474},
  Volume                   = {11},

  Owner                    = {Oliver},
  Timestamp                = {2013.02.25}
}

@Book{Schelling:1960,
  Title                    = {The Strategy of Conflict},
  Author                   = {Schelling, Thomas C.},
  Publisher                = {Harvard University Press},
  Year                     = {1960},

  Address                  = {Cambridge, MA},

  Owner                    = {Oliver},
  Timestamp                = {2012.09.09}
}

@Article{Schneider:2014,
  Title                    = {Peace through globalization and capitalism? Prospects of two liberal propositions},
  Author                   = {Schneider, Gerald},
  Journal                  = {Journal of Peace Research},
  Year                     = {2014},
  Number                   = {2},
  Pages                    = {173-183},
  Volume                   = {51},

  Owner                    = {OWesterwinter},
  Timestamp                = {2015.12.19}
}

@Article{Schoppa:1999,
  Title                    = {The Social Context in Coercive International Bargaining},
  Author                   = {Schoppa, Leonard J.},
  Journal                  = {International Organization},
  Year                     = {1999},
  Pages                    = {307-342},
  Volume                   = {53}
}

@Article{Scott:2008,
  Title                    = {The United Nations Peacebuilding Commission: An Early Assessment},
  Author                   = {Scott, Amy},
  Journal                  = {Journal of Peacebuilding and Development},
  Year                     = {2008},
  Pages                    = {7-19},
  Volume                   = {4},

  Owner                    = {Oliver},
  Timestamp                = {2012.11.04}
}

@Article{Seawright:2008,
  Title                    = {Case Selection Techniques in Case Study Research},
  Author                   = {Seawright, Jason and Gerring, John},
  Journal                  = {Political Research Quarterly},
  Year                     = {2008},
  Pages                    = {294-308},
  Volume                   = {61},

  Owner                    = {Oliver westerwinter},
  Timestamp                = {2013.03.20}
}

@Article{Sebenius:1992,
  Title                    = {Challenging Conventional Explanations of International Cooperation: Negotiation Analysis and the Case of Epistemic Communities},
  Author                   = {Sebenius, James K.},
  Journal                  = {International Organization},
  Year                     = {1992},
  Number                   = {1},
  Pages                    = {323-365},
  Volume                   = {46},

  Owner                    = {Oliver},
  Timestamp                = {2012.10.07}
}

@Article{Sebenius:1983,
  Title                    = {Negotiation Arithmetic: Adding and Subtracting IIssue and Parties},
  Author                   = {Sebenius, James K.},
  Journal                  = {International Organization},
  Year                     = {1983},
  Pages                    = {281-316},
  Volume                   = {37},

  Owner                    = {Oliver},
  Timestamp                = {2013.08.07}
}

@Article{senese:2005,
  Title                    = {{T}erritory, {C}ontiguity, and {I}nternational {C}onflict: {A}ssessing a {N}ew {J}oint {E}xplanation},
  Author                   = {Senese, Paul},
  Journal                  = {American Journal of Political Science},
  Year                     = {2005},
  Number                   = {4},
  Pages                    = {769--779},
  Volume                   = {49},

  Date-added               = {2005-11-08 22:28:05 -0500},
  Date-modified            = {2005-11-08 22:30:26 -0500}
}

@TechReport{Shaxson:2001,
  Title                    = {Transparency in the international diamond trade},
  Author                   = {Shaxson, Nicholas},
  Institution              = {{Transparency International}},
  Year                     = {2001},

  Address                  = {Berlin, Germany},

  Owner                    = {Oliver},
  Timestamp                = {2013.07.31}
}

@InCollection{Shelton:2000,
  Title                    = {Introduction. Law, Non-Law and the Problem of 'Soft Law'},
  Author                   = {Shelton, Dinah},
  Booktitle                = {Commitment and Compliance. The Role of Non-Binding Norms in the International Legal System},
  Publisher                = {Oxford University Press},
  Year                     = {2000},

  Address                  = {Oxford},
  Editor                   = {Shelton, Dinah},
  Pages                    = {1-18},

  Owner                    = {Oliver westerwinter},
  Timestamp                = {2013.03.27}
}

@Article{Shepsle:1989,
  Title                    = {Studying Institutions. Some Lessons from the Rational Choice Approach},
  Author                   = {Shepsle, Kenneth A.},
  Journal                  = {Journal of Theoretical Politics},
  Year                     = {1989},
  Pages                    = {131-147},
  Volume                   = {1}
}

@Article{Signorino:1999,
  Title                    = {Strategic Interaction and the Statistical Analsis of International Conflict},
  Author                   = {Signorino, Curtis S.},
  Journal                  = {American Political Science Review},
  Year                     = {1999},
  Pages                    = {279-297},
  Volume                   = {93}
}

@Article{Signorino:2001,
  Title                    = {Tau-b or Not Tau-b: Measuring the Similarity of Foreign Policy Positions},
  Author                   = {Signorino, Curtis S. and Jeffrey M. Ritter},
  Journal                  = {International Studies Quarterly},
  Year                     = {2001},
  Number                   = {1},
  Pages                    = {115-144},
  Volume                   = {43},

  Owner                    = {Oliver},
  Timestamp                = {2015.01.09}
}

@Article{Simon:1953,
  Title                    = {Notes on the Obsevation and Measurement of Political Power},
  Author                   = {Simon, Herbert A.},
  Journal                  = {Journal of Politics},
  Year                     = {1953},
  Number                   = {4},
  Pages                    = {500-516},
  Volume                   = {15},

  Owner                    = {Oliver},
  Timestamp                = {2012.10.14}
}

@Article{Singer:1987,
  Title                    = {Reconstructing the Correlates of War Data on Material Capabilities of States, 1816-1985},
  Author                   = {Singer, David J.},
  Journal                  = {International Interactions},
  Year                     = {1987},
  Number                   = {2},
  Pages                    = {115-132},
  Volume                   = {14},

  Owner                    = {OWesterwinter},
  Timestamp                = {2014.08.24}
}

@Article{Singer1987,
  Title                    = {Reconstructing the Correlates of War DDatas on Material Capabilities of States, 1816-1985},
  Author                   = {Singer, David J.},
  Journal                  = {International Interactions},
  Year                     = {1987},
  Number                   = {115-132},
  Volume                   = {14},

  Owner                    = {OWesterwinter},
  Timestamp                = {2016.02.07}
}

@Article{Slantchev:2004,
  Title                    = {How Initiators End Their Wars: The Duration of Warfare and the Terms of Peace},
  Author                   = {Slantchev, Branislav L.},
  Journal                  = {American Journal of Political Science},
  Year                     = {2004},
  Pages                    = {813-829},
  Volume                   = {48},

  Owner                    = {Oliver},
  Timestamp                = {2013.01.14}
}

@Article{Slantchev:2003,
  Title                    = {The Principle of Convergence in Wartime Negotiations},
  Author                   = {Slantchev, Branislav L.},
  Journal                  = {American Political Science Review},
  Year                     = {2003},
  Pages                    = {621-632},
  Volume                   = {97},

  Owner                    = {Oliver},
  Timestamp                = {2013.01.19}
}

@Book{Small:1982,
  Title                    = {Resort to Arms: International and Civil Wars, 1816-1980},
  Author                   = {Small, Melvin and J. David Singer},
  Publisher                = {Sage},
  Year                     = {1982},

  Address                  = {Berverly Hills},

  Owner                    = {OWesterwinter},
  Timestamp                = {2014.08.24}
}

@Article{Small:1973,
  Title                    = {The Diplomatic Importance of States, 1816-1970: an Extension and Refinement of the Indicator},
  Author                   = {Small, Melvin and J. David Singer},
  Journal                  = {world Politics},
  Year                     = {1973},
  Pages                    = {577-599},
  Volume                   = {25},

  Owner                    = {OWesterwinter},
  Timestamp                = {2014.08.24}
}

@Book{Smillie:2010,
  Title                    = {Blood on the Stone. Greed, Corruption and War in the Global Diamond Trade},
  Author                   = {Smillie, Ian},
  Publisher                = {Anthem Press},
  Year                     = {2010},

  Address                  = {London}
}

@TechReport{Smillie:2010b,
  Title                    = {Paddles for Kimberley. An Agenda for Reform},
  Author                   = {Smillie, Ian},
  Institution              = {Partnership Africa Canada},
  Year                     = {2010},
  Month                    = {June},

  Owner                    = {Oliver westerwinter},
  Timestamp                = {2013.03.23}
}

@Unpublished{Smillie:2005,
  Title                    = {The Kimberley Process Certification Scheme for Rough Dimaonds},
  Author                   = {Smillie, Ian},
  Note                     = {Verifor Case Studies},
  Year                     = {2005}
}

@Unpublished{Smillie:2002,
  Title                    = {Dirty Diamonds. Armed Conflict and the Trade in Rough Diamonds},
  Author                   = {Smillie, Ian},
  Note                     = {Fafo Institute for Applied Social Sciences},
  Year                     = {2002},

  Owner                    = {Oliver},
  Timestamp                = {2013.02.25}
}

@Unpublished{Smillie:2000,
  Title                    = {The Heart of the Matter. Sierra Leone, Dimaonds and Human Security},
  Author                   = {Smillie, Ian and Gbrie, Lasana and Hazleton, Ralph},
  Note                     = {Ottawa},
  Year                     = {2000},

  Owner                    = {Oliver},
  Timestamp                = {2013.02.25}
}

@Article{Smith:1999,
  Title                    = {Testing Theories of Strategic Choice: The Example of Crisis Escalation},
  Author                   = {Smith, Alastair},
  Journal                  = {American Journal of Political Science},
  Year                     = {1999},
  Number                   = {4},
  Pages                    = {1254-1283},
  Volume                   = {43},

  Owner                    = {Oliver},
  Timestamp                = {2015.01.09}
}

@Article{Smith:1998,
  Title                    = {International Crises and Domestic Politics},
  Author                   = {Smith, Alastair},
  Journal                  = {American Political Science Review},
  Year                     = {1998},
  Number                   = {3},
  Pages                    = {623-638},
  Volume                   = {92},

  Owner                    = {Oliver},
  Timestamp                = {2015.01.09}
}

@Article{Smith:2000,
  Title                    = {The Politics of Dispute Settlement Design: Explaining Legalism in Regional Trade Pacts},
  Author                   = {Smith, James McCall},
  Journal                  = {International Organization},
  Year                     = {2000},
  Pages                    = {137-180},
  Volume                   = {54},

  Owner                    = {Oliver westerwinter},
  Timestamp                = {2013.03.27}
}

@InCollection{Snidal:2002,
  Title                    = {Rational Choice and International Relations},
  Author                   = {Snidal, Duncan},
  Booktitle                = {Handbook of International Relations},
  Publisher                = {Sage Publications},
  Year                     = {2002},

  Address                  = {London},
  Editor                   = {Carlsnaes, Walter and Thomas Risse and Beth A. Simmons},
  Pages                    = {73-94},

  Owner                    = {Oliver},
  Timestamp                = {2013.08.07}
}

@Article{Snidal:1985a,
  Title                    = {Coordination versus Prisoners' Dilemma: Implications for International Cooperation and Regimes},
  Author                   = {Snidal, Duncan},
  Journal                  = {American Political Science Review},
  Year                     = {1985},
  Pages                    = {923-942},
  Volume                   = {74},

  Owner                    = {Oliver westerwinter},
  Timestamp                = {2013.03.24}
}

@Article{Snidal:1985b,
  Title                    = {The Game Theory of International Politics},
  Author                   = {Snidal, Duncan},
  Journal                  = {Worls Politics},
  Year                     = {1985},
  Number                   = {1},
  Pages                    = {25-57},
  Volume                   = {38},

  Owner                    = {Oliver},
  Timestamp                = {2012.10.07}
}

@Article{Snijders:1996,
  Title                    = {Stochastic Actor-Oriented Models for Network Change},
  Author                   = {Snijders, Tom A. B.},
  Journal                  = {Journal of Mathematical Sociology},
  Year                     = {1996},
  Number                   = {1-2},
  Pages                    = {149-172},
  Volume                   = {21},

  Owner                    = {Oliver westerwinter},
  Timestamp                = {2013.03.21}
}

@InCollection{Snijders:2005,
  Title                    = {Models for Longitudinal Network Data},
  Author                   = {Snijders, Tom. B.},
  Booktitle                = {Models and Methods in Social Network Analysis},
  Publisher                = {Cabridge University Press},
  Year                     = {2005},

  Address                  = {Cambridge},
  Editor                   = {Carrington, Peter J. and Scott, John and Wasserman, Stanley},
  Pages                    = {215-247},

  Owner                    = {Oliver westerwinter},
  Timestamp                = {2013.03.21}
}

@Book{Snyder:1977,
  Title                    = {Conflict Among Nations. Bargaining, Decision Making, and System Structure in International Crises},
  Author                   = {Snyder, Glenn H. and Paul Diesing},
  Publisher                = {Princeton University Press},
  Year                     = {1977},

  Address                  = {Princeton},

  Owner                    = {Oliver},
  Timestamp                = {2012.09.12}
}

@Article{Soysa:1997,
  Title                    = {Testing Power-Transition Theory Using Alternative Measures of National Capabilities},
  Author                   = {de Soysa, Indra and Oneal, John R. and Park, Yong-Hee},
  Journal                  = {Journal of Conflict Resolution},
  Year                     = {1997},
  Pages                    = {509-528},
  Volume                   = {41},

  Owner                    = {Oliver},
  Timestamp                = {2013.03.14}
}

@Article{Spar:2006,
  Title                    = {Continuity and Change in the International Diamond Market},
  Author                   = {Spar, Debora L.},
  Journal                  = {Journal of Economic Perspectives},
  Year                     = {2006},
  Pages                    = {195-208},
  Volume                   = {20},

  Owner                    = {Oliver westerwinter},
  Timestamp                = {2013.03.21}
}

@Article{Stedman:1997,
  Title                    = {Spoiler Problems in Peace Processes},
  Author                   = {Stedman, Stephen John},
  Journal                  = {International Security},
  Year                     = {1997},
  Pages                    = {5-53},
  Volume                   = {22},

  Owner                    = {Oliver},
  Timestamp                = {2012.11.04}
}

@InCollection{Stein:2003,
  Title                    = {Trade and Conflict: Uncertainty, Strategic Signaling, and Interstate Dispute},
  Author                   = {Stein, Arthur A.},
  Booktitle                = {Economic Interdependence and International Conflict. New Perspectives on an Enduring Debate},
  Publisher                = {University of Michigan Press},
  Year                     = {2003},

  Address                  = {Ann Arbor},
  Editor                   = {Mansfield, Edward D. and Pollins, Brian M.},
  Pages                    = {111-126},

  Owner                    = {OWesterwinter},
  Timestamp                = {2015.04.09}
}

@InCollection{Stein:2008,
  Title                    = {Neoliberal Institutionalism},
  Author                   = {Stein, Arthur A.},
  Booktitle                = {The Oxford Handbook of International Relations},
  Publisher                = {Oxford University Press},
  Year                     = {2008},

  Address                  = {Oxford},
  Editor                   = {Reus-Smit, Christian and Snidal, Duncan},
  Pages                    = {201-221},

  Owner                    = {Oliver westerwinter},
  Timestamp                = {2013.03.27}
}

@Article{Stein:1982,
  Title                    = {Coordination and Collaboration: Regimes in an Anarchic World},
  Author                   = {Stein, Arthur A.},
  Journal                  = {International Organization},
  Year                     = {1982},
  Number                   = {2},
  Pages                    = {299-324},
  Volume                   = {36},

  Owner                    = {Oliver},
  Timestamp                = {2012.10.07}
}

@Unpublished{Stone:2013,
  Title                    = {Informal Governance in International Organizations},
  Author                   = {Stone, Randall W.},
  Note                     = {Manuscript},
  Year                     = {2013},

  Owner                    = {Oliver},
  Timestamp                = {2013.02.25}
}

@Book{Stone:2011,
  Title                    = {Controlling Institutions: International Organizations and the Global Economy},
  Author                   = {Stone, Randall W.},
  Publisher                = {Cambridge University Press},
  Year                     = {2011},

  Address                  = {New York}
}

@Unpublished{Stone:2013b,
  Title                    = {Influencing International Relations: Power Politics, Informal Politics, or Both?},
  Author                   = {Stone, Randall W. and Elena V. McLean and Oliver Westerwinter},
  Note                     = {University of Rochester},
  Year                     = {2013},

  Owner                    = {Oliver},
  Timestamp                = {2013.08.10}
}

@Book{Strange:1996,
  Title                    = {The retreat of the state. The diffusion of power in the world economy},
  Author                   = {Strange, Susan},
  Publisher                = {Cambridge University Press},
  Year                     = {1996},

  Address                  = {Cambridge},

  Owner                    = {Oliver westerwinter},
  Timestamp                = {2013.03.24}
}

@Article{Strauss:1990,
  Title                    = {Pseudolikelihood Estimation for Social Networks},
  Author                   = {Strauss, David and Ikeda, Michael},
  Journal                  = {Journal of the American Statistical Association},
  Year                     = {1990},
  Pages                    = {204-212},
  Volume                   = {85},

  Owner                    = {Oliver},
  Timestamp                = {2013.01.14}
}

@Article{Street:2008,
  Title                    = {Experiences of the United Nations Peacebuilding Commission in Sierra Leone and Burundi},
  Author                   = {Street, Anne M. and Mollett, Howard and Smith, Jennifer},
  Journal                  = {Journal of Peacebuilding and Development},
  Year                     = {2008},
  Pages                    = {33-46},
  Volume                   = {4},

  Owner                    = {Oliver},
  Timestamp                = {2012.11.04}
}

@Article{Sturchler:2008,
  Title                    = {The Swiss Initiative Comes Alive. Seventeen States Agree on How to Legal Deal With Private Security Companies},
  Author                   = {Sturchler, Nikolas},
  Journal                  = {Journal of International Peace Operations},
  Year                     = {2008},
  Pages                    = {10-12},
  Volume                   = {4},

  Owner                    = {Oliver westerwinter},
  Timestamp                = {2013.04.12}
}

@Article{Sutton:1986,
  Title                    = {Non-Cooperative Bargaining Theory: An Introduction},
  Author                   = {Sutton, John},
  Journal                  = {Review of Economic Studies},
  Year                     = {1986},
  Number                   = {5},
  Pages                    = {709-724},
  Volume                   = {53},

  Owner                    = {Oliver},
  Timestamp                = {2012.10.07}
}

@Unpublished{Szulecki:2010,
  Title                    = {The Good, the Bad, and the Even Worse: Explaining Variation in the Performance of Energy Partnerships},
  Author                   = {Szulecki, Kacper and Pattberg, Philipp and Biermann, Frank},
  Note                     = {Global Governance Working Paper No 39},
  Year                     = {2010}
}

@Article{Tallberg:2010,
  Title                    = {The Power of the Chair: Formal Leadership in International Cooperation},
  Author                   = {Tallberg, Jonas},
  Journal                  = {International Studies Quarterly},
  Year                     = {2010},
  Pages                    = {241-265},
  Volume                   = {54},

  Owner                    = {Oliver westerwinter},
  Timestamp                = {2013.05.13}
}

@TechReport{Tamm:2002,
  Title                    = {Diamonds in Peace and War: Severing the Conflict-Diamond Connection},
  Author                   = {Tamm, Ingrid J.},
  Institution              = {World Peace Foundation},
  Year                     = {2002},

  Address                  = {Cambridge, Massachusetts},

  Owner                    = {Oliver},
  Timestamp                = {2013.07.31}
}

@InCollection{Thelen:2003,
  Title                    = {How Institutions Evolve. Insights from Comparative Historical Analysis},
  Author                   = {Thelen, Kathleen},
  Booktitle                = {Comparative Historical Analysis in the Social Sciences},
  Publisher                = {Cabridge University Press},
  Year                     = {2003},

  Address                  = {Cambridge},
  Editor                   = {Mahoney, James anMahoney, James, Dietrich},
  Pages                    = {208-240},

  Owner                    = {Oliver westerwinter},
  Timestamp                = {2013.03.27}
}

@Article{Therien:2006,
  Title                    = {The Global Compact: Shifting the Politics of International Development?},
  Author                   = {Therien, Jean-Philippe and Vincent Pouliot},
  Journal                  = {Global Governance},
  Year                     = {2006},
  Pages                    = {55-75},
  Volume                   = {12},

  Owner                    = {Oliver},
  Timestamp                = {2013.08.07}
}

@Book{Thucydides:1985,
  Title                    = {History of the Peloponnesian War},
  Author                   = {Thucydides},
  Publisher                = {Penguin},
  Year                     = {1985},

  Address                  = {New York},

  Date-modified            = {2006-12-23 21:00:31 -0500}
}

@Article{Tingley:2011,
  Title                    = {The Dark Side of the Future: An Experimental Test of Commitment Problems in Bargaining},
  Author                   = {Tingley, Dustin H.},
  Journal                  = {International Studies Quarterly},
  Year                     = {2011},
  Pages                    = {521-544},
  Volume                   = {55}
}

@Article{Walter:2011,
  Title                    = {Can Cheap Talk Deter: An Experimental Analysis},
  Author                   = {Tingley, Dustin H. and Walter, Barbara F.},
  Journal                  = {Journal of Conflict Resolution},
  Year                     = {2011},
  Pages                    = {996-1020},
  Volume                   = {55}
}

@Article{Tomz:2007,
  Title                    = {Domestic Audience Costs in International Relations: An Experimental Approach},
  Author                   = {Tomz, Michael},
  Journal                  = {International Organization},
  Year                     = {2007},
  Pages                    = {821-840},
  Volume                   = {61}
}

@Article{Torenvlied:1994,
  Title                    = {A Procedure for Assessing Large Scale 'Total' Networks Using IInformation from Key IInformant: A Research Note},
  Author                   = {Torenvlied, Rene and van Schuur, Wijbrandt H.},
  Journal                  = {Connections},
  Year                     = {1994},
  Pages                    = {56-60},
  Volume                   = {17},

  Owner                    = {Oliver westerwinter},
  Timestamp                = {2013.03.21}
}

@Article{Tsai:2006,
  Title                    = {Adaptive Informal Institutions and Endogenous Institutional Change in China},
  Author                   = {Tsai, Kellee S.},
  Journal                  = {World Politics},
  Year                     = {2006},
  Pages                    = {116-141},
  Volume                   = {59}
}

@Book{Tsebelis:2002,
  Title                    = {Veto Players. How Political Institutions Work},
  Author                   = {Tsebelis, George},
  Publisher                = {Princeton University Press},
  Year                     = {2002},

  Address                  = {Princeton},

  Owner                    = {Oliver},
  Timestamp                = {2012.10.07}
}

@Article{Tsebelis:1994,
  Title                    = {The Power of the European Parliament as a Conditional Agenda Setter},
  Author                   = {Tsebelis, Georg},
  Journal                  = {American Political Science Review},
  Year                     = {1994},
  Pages                    = {128-142},
  Volume                   = {88}
}

@Unpublished{Tucker:1999,
  Title                    = {BTSCS: A Binary Time-Series-Cross-Section Data Analysis Utility, version 4.0.4},
  Author                   = {Tucker, Richard},
  Note                     = {Computer Program},
  Year                     = {1999},

  Owner                    = {Oliver},
  Timestamp                = {2015.01.09}
}

@Unpublished{Ulbert:2008,
  Title                    = {The EfEffectiven of Global Health Partnerships. What Determines their Success and Failure?},
  Author                   = {Ulbert, Cornelia},
  Note                     = {Paper presented at the 49th Annual ISA Convention, San Francisco, CA, March 26-29},
  Year                     = {2008},

  Owner                    = {Oliver westerwinter},
  Timestamp                = {2013.03.21}
}

@Article{Uzzi:1996,
  Title                    = {The Sources and Consequences of Embeddedness for the Economic Performance of Organizations: The Network Effect},
  Author                   = {Uzzi, Brian},
  Journal                  = {American Sociological Review},
  Year                     = {1996},
  Pages                    = {674-698},
  Volume                   = {61}
}

@Article{Vincent:1983,
  Title                    = {WEIS vs. COPDAB: Correspondence Problems},
  Author                   = {Vincent, Jack},
  Journal                  = {International Studies Quarterly},
  Year                     = {1983},
  Number                   = {2},
  Pages                    = {161-168},
  Volume                   = {27},

  Owner                    = {Oliver},
  Timestamp                = {2015.01.09}
}

@Book{Vincent:1979,
  Title                    = {Project Theory: Interpretations and Policy Relevance},
  Author                   = {Vincent, Jack.},
  Publisher                = {University Press of America},
  Year                     = {1979},

  Address                  = {Washington},

  Owner                    = {OWesterwinter},
  Timestamp                = {2015.04.07}
}

@Article{Voeten:2000,
  Title                    = {Clashes in the Assembly},
  Author                   = {Voeten, Erik},
  Journal                  = {International Organization},
  Year                     = {2000},
  Number                   = {2},
  Pages                    = {185-215},
  Volume                   = {54},

  Owner                    = {OWesterwinter},
  Timestamp                = {2015.12.12}
}

@InCollection{Vogel:2009,
  Title                    = {The Private Regulation of Global Corporate Conduct},
  Author                   = {Vogel, David},
  Booktitle                = {The Politics of Global Regulation},
  Publisher                = {Princeton University Press},
  Year                     = {2009},

  Address                  = {Princeton},
  Editor                   = {Mattli, Walter and Woods, Ngaire},
  Pages                    = {151-188}
}

@Article{Vuong:1989,
  Title                    = {Likelihood Ratio Tests for Model Selection and Non-Nested Hypotheses},
  Author                   = {Vuong, Quang H.},
  Journal                  = {Econometrica},
  Year                     = {1989},
  Number                   = {2},
  Pages                    = {307-333},
  Volume                   = {57},

  Owner                    = {Oliver},
  Timestamp                = {2015.01.09}
}

@Article{polacheketal:1999,
  Title                    = {{L}iberalism and {I}nterdependence: {E}xtending the {T}rade-{C}onflict {M}odel.},
  Author                   = {PolachekSolomon W.  and John Robst and Yuan-Ching Chang},
  Journal                  = {Journal of Peace Research},
  Year                     = {1999},
  Number                   = {4},
  Pages                    = {405--422},
  Volume                   = {36},

  Owner                    = {OWesterwinter},
  Timestamp                = {2016.02.15}
}

@Article{Wagner:1988,
  Title                    = {Economic Interdependence, Bargaining Power, and Political Influence},
  Author                   = {Wagner, Harrison, R.},
  Journal                  = {International Organization},
  Year                     = {1988},
  Number                   = {3},
  Pages                    = {461-483},
  Volume                   = {41},

  Owner                    = {OWesterwinter},
  Timestamp                = {2015.04.09}
}

@Article{Wagner:2000,
  Title                    = {Bargaining and War},
  Author                   = {Wagner, R. Harrison},
  Journal                  = {American Journal of Political Science},
  Year                     = {2000},
  Pages                    = {469--484},
  Volume                   = {44},

  Owner                    = {Oliver},
  Timestamp                = {2012.09.13}
}

@Article{Wagner:1983,
  Title                    = {The Theory of Games and the Problem of International Cooperation},
  Author                   = {Wagner, R. Harrison},
  Journal                  = {American Political Science Review},
  Year                     = {1983},
  Number                   = {2},
  Pages                    = {330-346},
  Volume                   = {77},

  Owner                    = {Oliver},
  Timestamp                = {2012.10.14}
}

@Article{Wallace:2011,
  Title                    = {International Code of Conduct for Private Security Service Providers, Introductory Note},
  Author                   = {Wallace, David A.},
  Journal                  = {International Legal Materials},
  Year                     = {2011},
  Pages                    = {89-91},
  Volume                   = {50},

  Owner                    = {Oliver westerwinter},
  Timestamp                = {2013.03.22}
}

@Book{Wallerstein:1988,
  Title                    = {The Modern World System III: The Modern World System},
  Author                   = {Wallerstein, Immanuel},
  Publisher                = {Academic Press},
  Year                     = {1988},

  Address                  = {New York},

  Owner                    = {Oliver},
  Timestamp                = {2015.04.10}
}

@Book{Walton:1965,
  Title                    = {A Behavioral Theory of Labor Negotiations},
  Author                   = {Walton, Richard E. and McKersie, Robert B.},
  Publisher                = {McGraw-Hill},
  Year                     = {1965},

  Address                  = {New York},

  Owner                    = {Oliver},
  Timestamp                = {2012.10.14}
}

@Article{Waltz:1999,
  Title                    = {Globalization and Governance},
  Author                   = {Waltz, Kenneth N.},
  Journal                  = {PS: Political Science and Politics},
  Year                     = {1999},
  Number                   = {4},
  Pages                    = {693-700},
  Volume                   = {32},

  Owner                    = {OWesterwinter},
  Timestamp                = {2015.04.09}
}

@Book{Waltz:1979,
  Title                    = {Theory of International Politics},
  Author                   = {Waltz, Kenneth N.},
  Publisher                = {Random House},
  Year                     = {1979},

  Address                  = {New York}
}

@Article{Ward:2006,
  Title                    = {International Linkage and Environmental Sustainability: The Effectiveness of the Regime Network},
  Author                   = {Ward, Hugh},
  Journal                  = {Journal of Peace Research},
  Year                     = {2006},
  Pages                    = {149-166},
  Volume                   = {43},

  Owner                    = {OWesterwinter},
  Timestamp                = {2014.08.26}
}

@Article{Warren:2010,
  Title                    = {The Geometry of Security: Modeling Interstate Alliances as Evolving Networks},
  Author                   = {Warren, T. Camber},
  Journal                  = {Journal of Peace Research},
  Year                     = {2010},
  Pages                    = {697-709},
  Volume                   = {47}
}

@Book{Wasserman:1994,
  Title                    = {Social Network Analysis. Methods and Applications},
  Author                   = {Wasserman, Stanley and Faust, Katherine},
  Publisher                = {Cambridge University Press},
  Year                     = {1994},

  Address                  = {Cambridge}
}

@Article{Wasserman:1996,
  Title                    = {Logit Models and Logistic Regression for Social Networks: I. An Introduction to Markov Graphs and p*},
  Author                   = {Wasserman, Stanley and Pattison, Philippa},
  Journal                  = {Psychometrika},
  Year                     = {1996},
  Pages                    = {401-425},
  Volume                   = {61},

  Owner                    = {Oliver},
  Timestamp                = {2013.01.13}
}

@Article{Watts:1998,
  Title                    = {Collective Dynamics of 'Small-World' Networks},
  Author                   = {Watts, Duncan J and Strogatz, Steven H},
  Journal                  = {Nature},
  Year                     = {1998},
  Pages                    = {440-442},
  Volume                   = {393}
}

@Unpublished{Weber:2001,
  Title                    = {The Diamond Game, Shedding the Mystery},
  Author                   = {Weber, Lauren},
  Note                     = {The New York Times},

  Month                    = {April},
  Year                     = {2001},

  Owner                    = {Oliver},
  Timestamp                = {2013.08.01}
}

@Article{Weisiger:2016,
  Title                    = {Debating the Democratic Peace in the International System},
  Author                   = {Weisiger, Alex and Erik Gartzke},
  Journal                  = {International Studies Quarterly},
  Year                     = {forthcoming},

  Owner                    = {OWesterwinter},
  Timestamp                = {2016.02.09}
}

@InCollection{Wellman:1988,
  Title                    = {Structural Analysis: From Method and Metaphor to Theory and Substance},
  Author                   = {Wellman, Barry},
  Booktitle                = {Social Structures: A Network Approach},
  Publisher                = {Cambridge University Press},
  Year                     = {1988},

  Address                  = {New York},
  Editor                   = {Wellman, Barry and Berkowitz, S.D.},
  Pages                    = {19-61}
}

@InCollection{Westerwinter:2013c,
  Title                    = {Formal and Informal Governance in the United Nations Peacebuilding Commission},
  Author                   = {Westerwinter, Oliver},
  Booktitle                = {The Transnational Governance of Violence of Crime. Non-State Actors in Security},
  Publisher                = {Palgrave},
  Year                     = {{forthcoming}},

  Address                  = {Houndmills},
  Editor                   = {Jakobi, Anja P. and Klaus Dieter Wolf},

  Owner                    = {Oliver},
  Timestamp                = {2013.08.09}
}

@Unpublished{Westerwinter:2011,
  Title                    = {The Power Politics of Networks},
  Author                   = {Westerwinter, Oliver},
  Note                     = {Paper presented at the workshop 'Institutional Dynamics in World Politics'. Social Science Research Center Berlin},
  Year                     = {2011b}
}

@Unpublished{Westerwinter:2013a,
  Title                    = {The Politics of Transnational Institutions: Power, Bargaining, and Institutional Choice},
  Author                   = {Westerwinter, Oliver},
  Note                     = {Ph.D. Dissertation Manuscript, European University Institute},
  Year                     = {2013},

  Owner                    = {Oliver westerwinter},
  Timestamp                = {2013.04.29}
}

@Unpublished{Westerwinter:2013b,
  Title                    = {Choosing Inefficiency: Networks and the Politics of Transnational Security Governance},
  Author                   = {Westerwinter, Oliver},
  Note                     = {Paper presented at the 54th International Studies Association Annual Convention, April 3-6, San Francisco, California},
  Year                     = {2013},

  Owner                    = {Oliver westerwinter},
  Timestamp                = {2013.04.29}
}

@Unpublished{Wester:2012,
  Title                    = {Networks and the Informal Power Politics of United Nations Peacebuilding},
  Author                   = {Westerwinter, Oliver},
  Note                     = {Paper presented at the 53rd ISA Annual Convention, San Diego, CA.},
  Year                     = {2012},

  Owner                    = {Oliver},
  Timestamp                = {2012.11.04}
}

@Unpublished{Westerwinter:2012,
  Title                    = {Formal and Informal Governance in the United Nations Peacebuilding Commission},
  Author                   = {Westerwinter, Oliver},
  Note                     = {Manuscript},
  Year                     = {2012},

  Owner                    = {Oliver},
  Timestamp                = {2012.10.07}
}

@Unpublished{Westerwinter:2011a,
  Title                    = {Thick Network Analysis. Broadening the Methodological Repertoire for Studying Networks in World Politics},
  Author                   = {Westerwinter, Oliver},
  Note                     = {Manuscript, European University Institute},
  Year                     = {2011},

  Owner                    = {Oliver westerwinter},
  Timestamp                = {2013.03.20}
}

@Article{Wexler:2010,
  Title                    = {Regulating Resource Curses: Institutional Design and Evolution of the Blood Dimaond Regime},
  Author                   = {Wexler, Lesley},
  Journal                  = {Cardozo Law Review},
  Year                     = {2010},
  Pages                    = {1717-1780},
  Volume                   = {31},

  Owner                    = {Oliver},
  Timestamp                = {2013.02.25}
}

@Unpublished{Wheeler:2010,
  Title                    = {Permutation TTest for Linear Models in R},
  Author                   = {Wheeler, Robert E.},
  Note                     = {Manuscript},
  Year                     = {2010},

  Owner                    = {Oliver westerwinter},
  Timestamp                = {2013.04.26}
}

@Article{White:1976,
  Title                    = {Social Structure from Multiple Networks I. Blockmodels of Roles and Positions},
  Author                   = {White, Harrison C. and Boorman, Scott A. and Breiger, Ronald L.},
  Journal                  = {American Journal of Sociology},
  Year                     = {1976},
  Pages                    = {730-780},
  Volume                   = {81},

  Owner                    = {Oliver},
  Timestamp                = {2012.11.04}
}

@Article{Williams:2004,
  Title                    = {Civil Society Initiatives and "Soft Law" in the Oil and Gas Industry},
  Author                   = {Williams, Cynthia A.},
  Journal                  = {International Law and Politics},
  Year                     = {2004},
  Pages                    = {457-502},
  Volume                   = {36}
}

@Article{Wittman:1979,
  Title                    = {How a War Ends: A Rational Model Approach},
  Author                   = {Wittman, Donald},
  Journal                  = {Journal of Conflict Resolution},
  Year                     = {1979},
  Number                   = {4},
  Pages                    = {743-763},
  Volume                   = {23},

  Owner                    = {OWesterwinter},
  Timestamp                = {2015.04.09}
}

@InCollection{Wolf:2008,
  Title                    = {Emerging Patterns of Global Governance: The New Interplay Betweenthe State, Business and Civil Society},
  Author                   = {Wolf, Klaus Dieter},
  Booktitle                = {Handbook of Research on Global Corporate Citizenship},
  Publisher                = {Edward Elgar},
  Year                     = {2008},

  Address                  = {Cheltenham},
  Editor                   = {Scherer, Andreas and Palazzo, Guido},
  Pages                    = {225-248},

  Owner                    = {Oliver},
  Timestamp                = {2012.11.04}
}

@InCollection{Wright:2012,
  Title                    = {The Kimberley Process Certification Scheme: A Model Negotiation?},
  Author                   = {Wright, Clive},
  Booktitle                = {High-Value National Resources and Peacebuilding},
  Publisher                = {Earthscan},
  Year                     = {2012},

  Address                  = {London},

  Owner                    = {Oliver},
  Timestamp                = {2013.02.25}
}

@Article{Wright:2004,
  Title                    = {Tackling Conflict Diamonds: The Kimberley Process Certification Scheme},
  Author                   = {Wright, Clive},
  Journal                  = {International Peacekeeping},
  Year                     = {2004},
  Pages                    = {697-708},
  Volume                   = {11}
}

@Article{Young:1991,
  Title                    = {Political Leadership and Regime Formation: On the Development of Institutions in International Society},
  Author                   = {Young, Oran R.},
  Journal                  = {International Organization},
  Year                     = {1991},
  Pages                    = {281-308},
  Volume                   = {45},

  Owner                    = {Oliver westerwinter},
  Timestamp                = {2013.05.13}
}

@Article{Young:1989,
  Title                    = {The Politics of International Regime Formation: Managing Natural Resources and the Environment},
  Author                   = {Young, Oran R.},
  Journal                  = {International Organization},
  Year                     = {1989},
  Number                   = {3},
  Pages                    = {349-375},
  Volume                   = {43},

  Owner                    = {Oliver},
  Timestamp                = {2012.10.07}
}

@Unpublished{Zagare:2012,
  Title                    = {Game Theory and Other Modeling Approaches},
  Author                   = {Zagare, Frank C. and Slantchev, Branislav L.},
  Note                     = {Manuscript},
  Year                     = {2012}
}

@InCollection{Zolner:2007,
  Title                    = {Qualitative Interviews: Stuying Network Narratives},
  Author                   = {Zollner, Mette and Rasmussen, Iben Orum and Hansen, Allan Dreyer},
  Booktitle                = {Methods in Democratic Network Governance},
  Publisher                = {Palgrave Macmillan},
  Year                     = {2007},

  Address                  = {Houndmills},
  Editor                   = {Bogason, Peter and Zolner, Mette},
  Pages                    = {125-147},

  Owner                    = {Oliver westerwinter},
  Timestamp                = {2013.03.20}
}

@Book{Avant:2010,
  Title                    = {Who Governs the Globe?},
  Editor                   = {Avant, Deborah and Finnemore, Martha and Sell, Susan},
  Publisher                = {Cambridge University Press},
  Year                     = {2010},

  Address                  = {Cambridge}
}

@Book{Bogason:2007,
  Title                    = {Methods in Democratic Network Governance},
  Editor                   = {Bogason, Peter and Zolner, Mette},
  Publisher                = {Palgrave Macmillan},
  Year                     = {2007},

  Address                  = {Houndmills},

  Owner                    = {Oliver westerwinter},
  Timestamp                = {2013.03.20}
}

@Book{Carrington:2005,
  Title                    = {Models and Methods in Social Network Analysis},
  Editor                   = {Carrington, Peter J. and Scott, John and Wasserman, Stanley},
  Publisher                = {Cambridge University Press},
  Year                     = {2005},

  Address                  = {Cambrdige},

  Owner                    = {Oliver},
  Timestamp                = {2012.11.04}
}

@Book{Lusher:2013,
  Title                    = {Exponential Random Graph Models for Social Networks},
  Editor                   = {Lusher, Dean and Koskinen, Johan and Robins, Garry},
  Publisher                = {Cambridge University Press},
  Year                     = {2013},

  Address                  = {Cambridge},

  Owner                    = {Oliver},
  Timestamp                = {2013.03.19}
}

@Book{Pattberg:2012,
  Title                    = {Public-Private Partnerships for Sustainable Development. Emergence, Influence and Legitimacy},
  Editor                   = {Pattberg, Philipp and Biermann, Frank and Chan, Sander and Mert, Aysem},
  Publisher                = {Edward Elgar},
  Year                     = {2012},

  Address                  = {Cheltenham},

  Owner                    = {Oliver westerwinter},
  Timestamp                = {2013.03.22}
}

